2842 5286
225 464 252 543 ·'
294 552 311 583 ,
521 500 731 569 nusrnos
754 501 841 568 nun.
866 506 890 568 ι.

87 650 228 738 Imperio
240 649 385 736 explebit,
400 670 589 733 regnumque
599 651 638 713 ab
654 653 724 714 sede
738 650 852 716 Lavini
899 630 1320 730 hioammpouauuiegnumu

85 736 285 814 Transferet,
300 750 330 799 et
339 734 464 817 longam
480 734 576 797 multa
587 737 616 797 vi
630 737 744 799 muniet
758 738 881 800 Albam.
972 732 1030 838 ζοᾞζ
1039 729 1321 840 ssgivfllfflgffiffiolff

90 823 230 905 Hiejam
246 835 414 884 tercentum
429 834 509 882 totos
525 821 703 902 regnabitur
716 843 812 884 annos
971 868 1034 914 gn„
1051 853 1101 899 une
1117 854 1202 900 uenire
1219 870 1318 916 regnum

90 908 197 970 Gente
209 908 266 969 sub
277 903 432 968 Hectoreis
446 926 453 967 ε
469 906 566 966 donec
576 906 684 985 regina
699 907 840 969 sacerdos
971 915 1017 961 erit
1039 929 1083 976 per
1104 930 1179 962 annos
1200 924 1319 963 trecentos

87 992 197 1056 Marte
206 991 321 1073 gravis,
334 990 487 1072 ganinam
498 1004 586 1072 partu
598 981 683 1052 dabit
698 990 756 1053 llis
765 992 893 1074 prolem.
970 977 1319 1101 {ffifffiffif’ssffi‘fflffl

91 1076 174 1141 Inde
184 1078 266 1159 lupae
281 1074 366 1137 fulvo
378 1075 504 1137 nutricis
519 1075 653 1156 tegmine
668 1075 756 1137 laetus
900 1080 962 1145 275
970 1102 1089 1156 sacerdos,
1117 1102 1194 1148 Marte
1220 1102 1319 1161 passus

90 1160 246 1224 Romulus
260 1159 392 1243 excipiet
406 1174 538 1241 gentem,
551 1173 581 1221 et
592 1157 749 1222 Mavortia
764 1162 875 1224 condet
936 1211 941 1221 .
970 1164 1025 1208 edet
1035 1170 1104 1220 putu
1115 1164 1195 1208 binum
1205 1164 1318 1209 sobolem·

91 1246 224 1322 Moenia,
240 1244 432 1326 Romanbsm
448 1266 503 1307 suo
518 1246 556 1307 de
569 1245 690 1307 nomine
705 1245 795 1307 dicet.
970 1222 1318 1346 fffi‘ssgfflffifffflffi

91 1330 153 1394 His
168 1352 227 1413 ego
241 1343 528 1407 necmetasrerum,
543 1350 600 1391 nec
615 1343 754 1412 tempora
786 1351 866 1392 ono:
968 1362 1025 1403 sue,
1052 1350 1162 1396 ruccones
1187 1348 1214 1395 ia
1237 1362 1318 1395 mrum

91 1415 260 1500 lmperium
275 1416 340 1476 sine
354 1414 414 1477 line
429 1414 510 1477 dedi.
534 1412 618 1495 Quin
632 1435 741 1497 aspera
751 1352 845 1492 lirun,
866 1455 873 1471 ·
969 1411 1054 1469 gestu,
1065 1418 1152 1456 mm
1162 1413 1244 1456 uruem
1253 1410 1317 1463 ΜΨ·

92 1500 177 1582 Quae
191 1520 276 1562 mare
290 1519 371 1562 nnnc
386 1513 542 1580 terrasque
556 1512 638 1560 metu
653 1499 826 1581 'coelumque
841 1500 960 1579 fatigat,
969 1472 1318 1581 fflffifflsslffffss

92 1584 235 1648 Consilia
245 1585 277 1646 in
287 1584 393 1645 melius
406 1584 523 1660 reseret,
537 1605 715 1666 mecumque
728 1581 841 1646 fovebit
896 1589 956 1647 281
969 1595 1014 1641 iuis
1026 1610 1069 1642 nec
1085 1593 1172 1642 definio
1183 1597 1267 1642 simite·
1283 1550 1317 1642 lt·

91 1669 253 1731 Romauos
269 1690 368 1730 rerum
382 1670 533 1745 dominos,
548 1683 728 1750 gentemque
743 1682 892 1750 togatam.
968 1658 1122 1767 {lffic'z’mnffi
1151 1659 1316 1731 l⁰¹⁸²³⁰⁰²¹¹¹²

1120 1735 1211 1778 penum
1227 1723 1317 1779 absque

91 1754 146 1816 Sic
162 1754 318 1837 placitum.
356 1753 467 1815 Veniet
479 1754 579 1816 lustris
595 1755 766 1816 labentibus
781 1767 866 1833 aetas,
969 1783 1077 1827 termino.
1095 1781 1170 1828 qm,
1181 1784 1268 1828 acerna
1275 1782 1317 1827 J„

92 1839 174 1901 Cium
190 1839 297 1900 domus
313 1839 454 1900 Assaraci
477 1838 623 1901 Phthiam
639 1837 797 1919 clarasque
812 1839 960 1921 Mycenas
969 1858 1065 1904 no,quae
1076 1859 1138 1891 nunc
1153 1844 1237 1891 timore
1253 1858 1317 1890 com·

93 1923 226 1985 Servitio
238 1938 363 2007 premet,
377 1945 413 1985 ac
428 1923 515 1985 victis
528 1924 735 1984 dominabitur
750 1924 854 2004 Argis.
897 1927 959 1985 285
969 1914 1318 2023 Qngffiffiffibffwlffiaffi

91 2008 244 2070 Nascetur
258 2008 387 2091 pulchri
400 2006 556 2090 Trojanus
571 2008 691 2089 origine
704 2006 823 2084 Caesar,
970 2029 994 2075 sn
1011 2029 1101 2085 metius,
1112 2039 1137 2076 er
1153 2044 1246 2076 mecum
1261 2044 1316 2089 pm.

91 2091 138 2155 lsn
161 2093 257 2163 crium
274 2092 412 2170 Oceano,
425 2094 538 2155 samam
554 2093 605 2174 qui
622 2092 761 2155 terminet
773 2091 871 2171 astris,
970 2092 1072 2138 movent
1079 2091 1198 2138 R⁰¹1¹⁸¹²⁰⁵
1208 2092 1318 2139 dominos

90 2116 203 2254 Julius,
219 2177 238 2240 si
254 2198 369 2260 magno
385 2179 540 2240 dimissum
554 2198 665 2239 nomeu
681 2176 760 2240 liilo.
969 2161 1096 2262 {33¹an
1111 2153 1318 2274 ffifflffiffi

92 2262 185 2326 Hunc
202 2278 233 2325 tu
249 2263 322 2325 olim
338 2262 428 2341 coelo,
444 2263 549 2346 spoliis
565 2262 701 2324 Orientis
716 2277 868 2339 onustum,
970 2276 1095 2323 sueonum
1104 2279 1318 2351 comportamus,

91 2403 198 2463 subjiciet
208 2400 324 2457 servituti,
332 2400 449 2457 Phthiam,
461 2401 596 2460 nobilesque
608 2399 732 2460 Mycenas,
742 2407 766 2446 et
778 2399 901 2460 imperabit
919 2340 1318 2462 Amqquppmplqmuqfiestsupae

92 2478 139 2518 sar,
152 2463 270 2524 Trejsnus
281 2462 364 2509 illustri
375 2462 474 2523 origine,
486 2463 525 2523 qui
536 2463 632 2509 definiet
642 2462 755 2510 ditionem
765 2476 832 2509 usum
843 2463 948 2519 Oceano,
960 2464 1049 2510 samam
1066 2464 1190 2518 sideribus,
1200 2461 1264 2524 isque
1274 2462 1317 2510 erit

90 2523 330 2647 ffifflfflffin
338 2526 463 2574 deductum
472 2528 501 2573 ed
512 2523 527 2573 i
537 2539 625 2587 magno
633 2523 690 2570 rulo.
701 2523 740 2577 Tu
746 2525 801 2570 olim
810 2538 894 2572 secura
901 2526 965 2572 illurn
973 2525 1077 2627 excipies
1084 2524 1186 2583 s‘nccelo,
1194 2532 1317 2572 oneratum

689 2772 793 2821 NOTAE.

90 2899 276 2961 disgressus-bea]
291 2899 316 2945 Si
323 2906 489 2958 comparentur
497 2897 685 2954 cumlunaribus‚
717 2902 755 2954 est,
764 2896 883 2946 soluendo:
895 2897 957 2961 qudd
964 2898 1043 2961 quintu
1051 2913 1140 2962 quoquc
1149 2915 1211 2947 nunc
1219 2899 1316 2962 uectiga-

91 2965 127 3021 qui
139 2964 257 3008 breviores
266 2978 295 3008 nc
306 2963 419 3007 menstrui
430 2970 492 3007 suut.
717 2960 751 3007 ls'u
761 2965 782 3006 et
790 2960 877 3007 tributu
882 2976 926 3023 per
935 2977 1035 3008 censores
1042 2963 1234 3022 persolvebantur.
1246 2963 1317 3009 Com·

119 3027 171 3072 273.
184 3024 314 3084 Hectorea]
336 3024 490 3084 Trojani,ub
507 3023 609 3069 Hectore
621 3022 686 3068 Prin·
719 3022 831 3080 plectitur
853 3032 931 3068 niuem
958 3025 1088 3081 perlectum
1116 3025 1316 3083 quinquennium:

94 3089 121 3132 mi
134 3089 191 3142 filio,
199 3087 278 3144 sopri,
289 3102 309 3131 v.
321 3087 369 3131 tus.
719 3085 780 3129 unde
789 3084 866 3129 ditl'ert
875 3088 904 3129 ab
916 3083 1060 3146 Olympiade,
1072 3101 1123 3144 quas
1135 3086 1315 3145 quadriennium

118 3150 171 3195 274
198 3148 291 3209 Regina
311 3147 413 3194 sacerdos
430 3149 506 3195 Morte
555 3146 611 3202 uuis,
632 3144 684 3206 dc]
717 3146 834 3191 duntaxat
853 3146 923 3204 cupit.

90 3202 138 3265 ilia,
145 3212 194 3256 sire
206 3209 274 3256 Rhea
282 3210 369 3270 Sylsia,
379 3209 516 3265 Numitoris,
525 3162 610 3256 libani
622 3210 685 3268 regis
748 3209 801 3253 ast.
812 3208 900 3253 Domus
909 3207 1030 3268 Aurunci]
1040 3206 1104 3253 Bene
1114 3208 1235 3254 Romanos
1246 3216 1317 3254 vocat

92 3272 142 3325 tilis,
151 3280 224 3331 atque
235 3272 289 3316 hinc
300 3271 451 3332 dicturcginu
459 3287 469 3327 ,¹
486 3275 516 3317 ab
532 3272 633 3327 Amulio,
642 3285 685 3329 pu·
717 3272 813 3315 domum
823 3271 939 3315 Assaraci.
966 3271 1029 3316 Nam
1042 3271 1065 3315 in
1077 3273 1166 3316 duobus
1177 3271 1246 3316 Trois
1255 3271 1315 3327 liliis,

91 3336 128 3379 tris
141 3336 216 3380 tratre
232 3344 254 3378 et
267 3334 397 3391 expsrlsore,
409 3334 540 3379 sucertlotio
557 3334 632 3378 l'estae
644 3334 685 3378 ad-
717 3333 751 3378 llo
760 3343 781 3377 et
796 3335 919 3386 Assaraco,
932 3333 1020 3378 familia
1031 3333 1097 3393 regia
1105 3332 1179 3377 divisa
1191 3342 1242 3389 est;
1253 3342 1277 3377 et
1285 3348 1314 3379 ea

92 3398 159 3445 dicta,
170 3406 195 3440 ut
208 3397 275 3456 virgo
283 3403 430 3453 permaneret
441 3409 447 3451 ;
459 3397 471 3442 i
481 3396 558 3442 Marte
567 3410 684 3453 eorrspres·
716 3395 751 3441 llo
763 3410 829 3453 reges
838 3394 942 3454 Trojani,
950 3397 1076 3455 propagati
1085 3406 1138 3441 sunt
1147 3409 1153 3450 ;
1162 3409 1192 3440 ex
1202 3394 1313 3442 nonme

91 3472 121 3511 sa,
133 3458 235 3504 nemum
250 3472 278 3503 ac
292 3457 415 3502 Romulum
427 3458 525 3516 peperit.
549 3457 579 3501 Hi
585 3457 685 3517 jubente
717 3457 805 3516 Capys,
817 3455 829 3501 ὲ
841 3456 910 3518 Capy
922 3459 1044 3506 Anchises,
1061 3473 1091 3503 ex
1108 3456 1211 3504 Anchisia
1226 3457 1315 3504 AEneas

94 3521 181 3565 Amulio
188 3536 233 3578 per
242 3520 379 3565 Faustulum
389 3530 506 3577 prasiorum
516 3520 684 3577 (eriserpositi,
716 3527 780 3564 ortus
791 3527 835 3573 est,
846 3534 875 3564 cx
887 3534 933 3577 quo
945 3519 1052 3564 Rotnani.

92 3579 171 3644 itupu
186 3582 268 3628 nutriti
284 3583 404 3637 dicuntur,
415 3582 486 3642 juxta
503 3582 561 3627 alios
578 3583 608 3625 ab
621 3579 684 3626 Acci
747 3580 925 3640 Phllriutu,d‘c.]
951 3581 1011 3627 Urbs
1025 3590 1091 3627 estet
1103 3581 1168 3641 regio
1176 3580 1313 3635 Thessalia,

93 3643 215 3689 [sumunt
223 3644 328 3689 faustuli
341 3659 421 3699 rrxore,
430 3660 481 3702 quun
490 3643 621 3688 meretricio
630 3658 684 3701 cog·
716 3643 811 3689 Achillis
824 3644 900 3701 putria
916 3654 939 3689 et
950 3644 1015 3689 ditio.
1046 3644 1158 3703 Mycetsoe,
1175 3645 1229 3689 urbs
1247 3643 1314 3688 Pelo-

92 3706 182 3751 nomine
191 3705 248 3767 lupa
257 3706 409 3762 upellubntur.
435 3707 465 3751 lli
475 3707 516 3751 ulti
528 3720 596 3751 arum
608 3720 684 3759 suum,
715 3706 821 3764 ponnesi,
834 3706 856 3750 iu
871 3703 918 3764 quis
935 3706 1041 3765 regnavit
1060 3708 1231 3767 Agamemnon.
1247 3705 1314 3766 Argi,

91 3771 200 3813 etocciso
213 3768 314 3820 Amulio,
324 3767 422 3812 Romam
433 3769 566 3813 condidere.
599 3767 685 3811 Rumu-
717 3768 770 3811 urbs
783 3768 837 3812 item
854 3766 1019 3825 Peloponnesi,
1031 3769 1054 3814 in
1071 3766 1116 3827 quis
1128 3768 1190 3812 idem
1202 3766 1314 3827 regnisse

91 3829 122 3875 lus
132 3832 183 3876 urbi
197 3845 283 3875 nornen
295 3829 374 3885 denir,
386 3830 491 3884 fratrem,
503 3831 563 3874 saltu
576 3829 685 3887 parvitati
717 3844 808 3888 quoque
819 3831 905 3875 dicitur
915 3832 946 3874 nb
959 3830 1072 3887 Euripide
1087 3830 1175 3888 passim
1187 3831 1210 3875 iu
1222 3830 1312 3875 Oreste:

91 3894 200 3938 moeniurn
227 3892 369 3944 illudentem,
393 3892 520 3937 interfecit:
548 3899 599 3949 post
625 3891 686 3936 bella
717 3900 827 3949 patetque
836 3907 865 3936 ex
877 3891 928 3952 ejus
942 3893 1062 3951 trugoediae
1075 3908 1095 3936 v.
1108 3894 1145 3937 98.
1157 3902 1180 3937 et
1194 3892 1243 3936 101.
1255 3892 1313 3937 dua·

91 3955 172 3999 deinde
183 3953 287 4012 plurima
299 3953 394 3998 fulmine
402 3954 469 4009 ictus,
478 3954 500 4000 in
508 3955 593 3999 coslum
602 3962 684 4011 raptus
715 3968 768 3998 rum
786 3954 877 3998 illarum
895 3955 987 3999 urbium
1007 3954 1114 4012 populos,
1131 3952 1193 4012 qubd
1210 3953 1273 3999 inter
1288 3969 1314 4000 se

90 4016 249 4060 assecreditus
260 4023 302 4060 est.
716 4016 784 4060 sicini
806 4024 893 4069 essent,
914 4018 1036 4074 eidemque
1055 4016 1104 4075 regi
1123 4027 1242 4073 parerent,
1260 4016 1313 4061 ideb

117 4078 170 4125 276.
190 4075 325 4135 Murorls'm]
344 4075 416 4122 Marti
435 4076 522 4134 dicata,
541 4077 597 4136 quia
619 4077 685 4123 lilars
716 4077 851 4123 communia
874 4078 983 4124 habuisse
1004 4077 1116 4133 nomina3
1138 4085 1160 4122 et
1182 4075 1313 4135 promiscue

90 4135 154 4185 litun
165 4147 189 4185 et
200 4138 295 4184 Romuli
305 4147 379 4196 pstor.
717 4147 828 4197 utrosque
839 4138 909 4184 modb
921 4140 1028 4199 Argivos,
1038 4138 1107 4184 modu
1115 4138 1249 4198 lilycenreos
1261 4156 1313 4186 esso

117 4202 171 4248 atr.
191 4201 239 4246 Suo
260 4200 287 4246 de
306 4200 417 4260 nomine]
437 4200 548 4247 Remulus
568 4200 686 4245 diminuti·
718 4202 863 4259 appellatos:
884 4202 907 4246 id
924 4203 986 4260 quod
1004 4201 1090 4261 Strabo
1106 4201 1155 4259 lpse
1164 4203 1286 4248 annotavit
1297 4203 1312 4247 l.

90 4276 141 4307 sum
158 4272 195 4308 est
210 4263 320 4318 nominis,
341 4263 372 4307 ad
393 4263 532 4319 blanditias;
544 4278 629 4308 nomen
651 4262 685 4319 ip·
715 4265 738 4309 8.
755 4264 854 4324 Argivos
872 4271 951 4308 tannen
968 4263 1019 4309 illos
1035 4263 1066 4308 ad
1079 4263 1166 4308 bellum
1183 4264 1313 4324 Trojanum

90 4339 139 4369 sum
152 4324 246 4381 Romu,
257 4326 319 4369 unde
331 4323 418 4370 Romo:
437 4325 539 4383 citatque
556 4324 650 4370 Servius
662 4325 685 4369 in
716 4326 810 4371 duxisse
821 4326 908 4371 dicitur
919 4324 1044 4371 Diomedes
1056 4327 1086 4369 ab
1098 4324 1202 4370 Homero
1214 4325 1280 4371 Iliad.
1290 4327 1313 4370 2.

89 4400 140 4431 eam
162 4401 212 4432 rem
227 4387 278 4432 hmc
297 4386 390 4445 Sibylla
409 4388 487 4444 verba,
500 4387 599 4446 ‘Pausias
616 4385 686 4446 'Plus
716 4389 769 4433 563.
800 4388 868 4439 Quod
883 4395 962 4432 autern
978 4385 1016 4433 hle
1033 4387 1153 4445 disputant
1166 4386 1313 4445 interpretes,

90 4445 171 4499 edlu.
189 4462 193 4467 ⁴
716 4447 792 4508 lquo
808 4448 968 4494 Romanorum
984 4450 1070 4494 ducum
1088 4450 1157 4495 urbes
1176 4449 1220 4496 illa
1236 4457 1312 4508 captae

117 4512 171 4557 282.
186 4510 317 4571 Tegulata]
329 4509 376 4555 Per
386 4514 472 4570 logum,
483 4511 625 4556 exteriorem
636 4526 684 4556 ves·
717 4512 771 4566 sint,
782 4511 933 4556 discutiemus
944 4510 997 4556 AEn.
1009 4512 1031 4556 6.
1042 4511 1094 4556 838.

88 4581 143 4630 um,
159 4572 230 4633 rsslgb
241 4573 328 4627 albam,
344 4573 467 4631 distinguit
486 4571 618 4618 Romanam
630 4588 686 4633 gen·
747 4574 800 4618 288.
811 4572 907 4634 Julius]
918 4572 1077 4618 Deboclulio
1087 4572 1190 4629 Caesare,
1202 4571 1313 4628 diximus,

89 4641 134 4680 tun
151 4633 165 4681 i
181 4636 285 4681 caeteris:
306 4633 467 4679 Romanorum
486 4634 549 4679 enim
567 4641 617 4679 tarn
634 4643 686 4680 erat
717 4633 767 4679 toti
778 4634 864 4692 passim
878 4635 960 4681 Echo.

89 4694 685 4805 ”uhsslff‘qlmlllmlmlm
732 4694 1313 4804 2²3⁹tu‘ssuutuuuuuuut

209 4793 215 4804 .
1004 4775 1017 4804 e
1104 4776 1126 4804 m

115 4821 168 4867 283.
180 4819 286 4882 hedris]
310 4819 388 4865 Varro
401 4819 420 4864 l.
431 4821 452 4865 5.
464 4820 493 4864 tle
503 4818 530 4866 L.
538 4818 565 4865 L.
576 4818 684 4867 Lustrum
715 4773 796 4865 diebus
807 4827 907 4880 quotuor
917 4774 1041 4876 condilum
1052 4821 1168 4866 secundus
1182 4819 1212 4862 de
1220 4786 1313 4878 ffigypf

90 4882 228 4929 minutus
240 4887 329 4944 temptes
338 4879 684 4944 quinpscmueutuuuouoe
716 4889 740 4927 to
759 4881 809 4938 suit,
822 4881 965 4943 Egyptique
981 4896 1046 4942 rege,
1068 4882 1194 4928 Ptolemae
1203 4892 1210 4936 ;
1230 4879 1312 4928 tertios
