2842 5286
790 113 794 123 ι
1399 39 1404 160 Α

237 157 244 168 0

1291 339 1302 362 s

1035 428 1040 437 ι

126 484 129 489 .
664 476 672 499 ·,
1147 486 1151 493 .

84 1641 203 1731 thn
233 1666 272 1730 iis
295 1664 486 1744 bominibus,
506 1664 558 1749 qul
583 1664 697 1751 scripta
713 1679 849 1731 veterum
864 1666 1079 1753 explanirunt,
1109 1667 1214 1731 hocin
1243 1662 1327 1730 omni

85 1793 177 1845 aetate
190 1778 348 1845 familiare
357 1778 482 1843 vitinmr
504 1792 539 1842 ut
552 1799 584 1842 se
596 1778 739 1865 primdm,
754 1794 911 1845 auctorem
927 1780 1038 1847 deinde
1055 1802 1154 1861 suum,
1170 1780 1328 1845 illustran-

87 1892 371 1979 dosornandosque
383 1891 589 1979 susceperint3
611 1868 674 1971 eos,
685 1913 815 1977 quorum
825 1893 994 1958 scriberent
1003 1894 1115 1977 gratiis,
1125 1893 1211 1959 nullo
1220 1894 1329 1957 admo·

89 2007 159 2069 duro
171 2007 203 2071 in
218 2007 291 2070 loco
307 2027 345 2070 ac
358 2026 486 2071 nurnero
515 2005 688 2069 habuerint.
732 2006 798 2069 Aut
811 2007 891 2069 enim
906 2007 1040 2073 scribere
1066 2007 1173 2071 otiosis
1185 2007 1329 2070 videntur

89 2120 229 2199 voluisse,
245 2120 360 2204 quibus
382 2120 421 2183 ad
437 2118 531 2183 libelli
545 2100 779 2205 intelligentiam
806 2119 958 2182 interdurn
973 2116 1047 2185 satis
1068 2121 1172 2205 exigui
1189 2118 1284 2183 multa
1299 2130 1331 2181 et

91 2228 512 2317 nrsgnacommentstionum¹
533 2231 692 2296 volumina
706 2232 829 2318 placere
842 2247 986 2319 possent3
1009 2248 1062 2297 aut
1071 2233 1198 2297 eruditis
1213 2232 1288 2296 viris
1300 2245 1331 2295 et

90 2346 291 2409 maximarum
301 2345 664 2431 rerumcognitionejam
677 2345 812 2425 imbutis,
824 2345 877 2430 qui
890 2345 970 2411 leuia
982 2359 1013 2409 et
1024 2346 1202 2409 communia
1212 2345 1331 2409 lastidi-

90 2475 168 2524 rent.
210 2458 275 2543 Qul
290 2457 364 2522 verti
380 2458 655 2545 primosjuvenum
682 2473 810 2523 conatus
824 2459 971 2543 adjuvare
986 2481 1048 2523 non
1064 2459 1084 2523 'a
1098 2457 1155 2523 sni
1181 2459 1332 2541 dignitate

90 2573 224 2638 alienum
239 2572 373 2651 duceret,
380 2572 438 2635 nix
451 2573 469 2636 ὲ
482 2572 547 2637 totri
562 2573 760 2658 interpretum
777 2589 869 2656 gente
895 2597 973 2638 unus
996 2590 1088 2660 atque
1100 2576 1178 2640 alter
1191 2576 1333 2639 inventus

91 2702 145 2749 est.
191 2684 401 2750 ldcircohnnc
418 2700 546 2770 partem,
566 2687 665 2771 prope
680 2687 883 2775 depositnmri
906 2691 1036 2770 caeteris,
1053 2690 1139 2754 tantd
1167 2691 1333 2754 studiosids

91 2799 205 2883 suscipi
217 2799 325 2879 voluit,
337 2799 388 2883 qui
397 2813 443 2863 est
456 2800 495 2862 ab
504 2798 593 2886 Rege
602 2799 867 2865 Christianissimo
879 2802 1071 2868 Serenissimi
1083 2805 1233 2891 Delphini
1247 2805 1333 2868 insti-

92 2915 204 2978 tntioni
220 2913 414 2998 praepositus,
424 2910 650 2976 illustrissimus
665 2912 973 2997 MontauseriiDu13
997 2919 1114 3002 quantd
1127 2920 1205 3004 regii
1217 2919 1333 2982 alumni

94 3029 226 3092 indolem
243 3028 282 3090 ad
299 3027 511 3112 pernoscenda
522 3041 658 3092 veterum
669 3049 765 3113 opera
778 3031 1009 3116 propensiorem
1025 3032 1172 3097 videbats
1196 3047 1289 3116 atque
1302 3045 1336 3092 ut

96 3141 245 3226 Princeps
254 3140 388 3226 optimus
396 3139 617 3224 prodessejam
628 3154 691 3204 tum
706 3140 855 3226 inciperet
867 3146 938 3223 suis,
947 3158 977 3207 et
992 3144 1076 3207 orbis
1088 3143 1213 3208 utilitati
1229 3159 1335 3208 natum

96 3278 124 3317 se
140 3255 347 3335 intelligeret3
370 3254 438 3316 haec
453 3253 644 3337 privatorum
660 3254 726 3337 ejus
755 3255 925 3319 studiorum
942 3257 1170 3342 qualiacunque
1185 3259 1333 3333 subsidia,

97 3371 219 3455 publica
234 3368 334 3431 lacere
349 3367 440 3430 etiarn
452 3366 551 3429 visum
566 3381 621 3431 est

136 3482 197 3545 His
212 3503 273 3564 ego
288 3479 466 3543 auctoribus
479 3502 516 3541 ac
531 3480 670 3558 ducibus,
701 3481 732 3544 in
749 3482 806 3544 bric
823 3482 949 3567 Virgilii
965 3486 1193 3570 explanatione,
1224 3508 1337 3571 praeter

95 3595 255 3660 brevitatis
270 3593 439 3676 nitorisque
454 3592 599 3672 studium,
614 3593 644 3657 id
661 3594 811 3681 imprimis
827 3596 901 3660 mihi
917 3600 1083 3684 proposui,;
1107 3601 1238 3686 publicis
1252 3623 1336 3665 com·

96 3711 208 3788 modis,
220 3731 282 3772 nou
299 3730 375 3771 meae
391 3729 440 3771 me
454 3706 539 3771 laudi
555 3708 678 3771 servire.
709 3708 810 3793 Igitur
825 3710 962 3774 versibus
975 3712 1267 3798 inierpretationem‚
1282 3736 1338 3776 no·

95 3843 142 3891 tas
155 3823 400 3911 interpretationi
416 3823 542 3906 subjeci.
566 3821 690 3887 Etcum
703 3825 826 3909 quidem
839 3825 1100 3913 interpretationis
1112 3831 1262 3916 optimum
1273 3852 1339 3893 esse

98 3941 171 4004 duxi
184 3939 306 4003 modum
318 3961 327 4017 ;
342 3937 475 4022 primum
488 3950 522 3999 ut
533 3951 612 4000 esset
624 3939 786 4019 continua;
800 3961 847 4019 ne,
856 3938 928 4003 dum
938 3941 1166 4021 omittosacilia‚
1180 3944 1339 4008 nonnulla

99 4058 202 4131 etiam,
218 4068 253 4116 ut
267 4054 312 4130 fit,
326 4051 462 4115 difficilia
476 4051 682 4136 praeterirem:
706 4065 768 4115 tum
781 4068 813 4115 ut
825 4055 967 4138 expedita
980 4055 1112 4138 poiticis
1124 4059 1258 4120 numeris
1270 4081 1339 4121 ver·

100 4191 188 4232 suurn
197 4166 347 4230 sententia
361 4166 547 4240 redderetur,
559 4165 653 4248 plano
666 4178 812 4249 rectoque
822 4166 940 4244 ordine,
952 4169 1053 4232 verbis
1064 4169 1190 4233 totidem
1202 4168 1270 4233 aliis
1281 4194 1289 4250 3
1306 4185 1339 4234 ut

99 4297 213 4367 preter
227 4280 290 4342 vim
306 4300 488 4362 sensumque
497 4280 673 4356 verborum,
689 4277 780 4340 etiam
797 4300 902 4342 eorum
915 4280 1008 4364 copia
1022 4298 1264 4365 compararetur.
1302 4284 1339 4348 ln

100 4399 193 4473 notis,
204 4392 328 4476 neglexi
344 4392 430 4470 nibil,
441 4391 527 4475 cujus
538 4391 569 4455 in
578 4390 713 4475 legendo
728 4389 862 4474 Virgilio
875 4413 1019 4456 ususesse
1034 4393 1145 4478 aliquis
1160 4410 1262 4481 posset
1273 4419 1282 4475 ;
1293 4396 1339 4459 ni·

101 4511 145 4574 lril
159 4510 199 4572 ad
215 4508 313 4572 solam
323 4507 489 4569 literaturae
500 4505 734 4569 ostentationem
750 4505 906 4589 usurpavi.

145 4625 249 4705 Atque
259 4620 290 4683 id
300 4619 424 4702 quidem
437 4617 510 4680 mibi
521 4618 540 4680 'a
552 4617 676 4680 summis
686 4616 760 4679 viris
768 4618 941 4701 impositum
954 4619 1068 4700 quanti
1081 4620 1141 4682 fide
1151 4621 1339 4706 perfecerim,

102 4734 275 4800 declarabit
290 4732 415 4809 fructus,
429 4745 462 4794 ut
474 4752 574 4816 spero,
590 4752 651 4793 non
665 4727 828 4793 mediocris
845 4731 916 4793 inde
932 4733 1154 4816 percipiendus
1185 4734 1286 4817 Qu'am
1304 4733 1342 4795 sit

103 4870 209 4915 autem
223 4847 297 4911 scit‘e
312 4846 538 4932 prudenterque
551 4846 734 4923 institutum,
763 4867 800 4908 ex
812 4846 920 4911 iisdem
934 4847 1008 4934 ipsis
1020 4849 1141 4912 consilii
1166 4848 1343 4911 ntrctoribus
