<?xml version="1.0" encoding="UTF-8"?>
<!DOCTYPE html PUBLIC "-//W3C//DTD XHTML 1.0 Transitional//EN"
    "http://www.w3.org/TR/xhtml1/DTD/xhtml1-transitional.dtd">
<html xmlns="http://www.w3.org/1999/xhtml" xml:lang="en" lang="en">
 <head>
  <title>
</title>
<meta http-equiv="Content-Type" content="text/html;charset=utf-8" />
  <meta name='ocr-system' content='tesseract 3.04.00' />
  <meta name='ocr-capabilities' content='ocr_page ocr_carea ocr_par ocr_line ocrx_word'/>
</head>
<body>
  <div class='ocr_page' id='page_1' title='image "./opera05virggoog_0196.png"; bbox 0 0 2842 5286; ppageno 0'>
   <div class='ocr_carea' id='block_1_1' title="bbox 140 424 1328 719">
    <p class='ocr_par' dir='ltr' id='par_1_1' title="bbox 140 424 1328 719">
     <span class='ocr_line' id='line_1_1' title="bbox 519 424 1325 547; baseline 0.005 -4"><span class='ocrx_word' id='word_1_1' title='bbox 519 440 878 547; x_wconf 73' lang='lat' dir='ltr'>‚aliutJMENTuu</span> <span class='ocrx_word' id='word_1_2' title='bbox 1245 424 1325 547; x_wconf 23' lang='lat' dir='ltr'>&#39;ror</span> 
     </span>
     <span class='ocr_line' id='line_1_2' title="bbox 140 584 1328 719; baseline -0.006 -21"><span class='ocrx_word' id='word_1_3' title='bbox 140 584 542 719; x_wconf 62' lang='lat' dir='ltr'>Gerlaemgaitulhaissive</span> <span class='ocrx_word' id='word_1_4' title='bbox 552 626 732 708; x_wconf 76' lang='lat' dir='ltr'>dumiionis,</span> <span class='ocrx_word' id='word_1_5' title='bbox 741 650 812 713; x_wconf 81' lang='lat' dir='ltr'>quoe</span> <span class='ocrx_word' id='word_1_6' title='bbox 824 626 920 712; x_wconf 71' lang='lat' dir='ltr'>vulgo</span> <span class='ocrx_word' id='word_1_7' title='bbox 929 626 1004 695; x_wconf 83' lang='lat' dir='ltr'>anni</span> <span class='ocrx_word' id='word_1_8' title='bbox 1012 625 1103 689; x_wconf 85' lang='lat' dir='ltr'>unius</span> <span class='ocrx_word' id='word_1_9' title='bbox 1110 625 1222 713; x_wconf 85' lang='lat' dir='ltr'>spatio,</span> <span class='ocrx_word' id='word_1_10' title='bbox 1231 626 1328 691; x_wconf 84' lang='lat' dir='ltr'>inter·</span> 
     </span>
    </p>
   </div>
   <div class='ocr_carea' id='block_1_2' title="bbox 99 708 1328 899">
    <p class='ocr_par' dir='ltr' id='par_1_2' title="bbox 99 708 1328 899">
     <span class='ocr_line' id='line_1_3' title="bbox 99 708 1328 797; baseline -0.005 -14"><span class='ocrx_word' id='word_1_11' title='bbox 99 720 167 783; x_wconf 88' lang='lat' dir='ltr'>dum</span> <span class='ocrx_word' id='word_1_12' title='bbox 223 718 233 735; x_wconf 78' lang='lat'><em>⁶</em></span> <span class='ocrx_word' id='word_1_13' title='bbox 293 708 604 797; x_wconf 52' lang='lat' dir='ltr'>&#39;marafinium</span> <span class='ocrx_word' id='word_1_14' title='bbox 618 715 659 778; x_wconf 86' lang='lat' dir='ltr'>ab</span> <span class='ocrx_word' id='word_1_15' title='bbox 672 714 711 779; x_wconf 75' lang='lat' dir='ltr'>ee</span> <span class='ocrx_word' id='word_1_16' title='bbox 724 714 868 777; x_wconf 90' lang='lat' dir='ltr'>nimirum</span> <span class='ocrx_word' id='word_1_17' title='bbox 883 712 1013 779; x_wconf 85' lang='lat' dir='ltr'>actionis</span> <span class='ocrx_word' id='word_1_18' title='bbox 1026 712 1217 796; x_wconf 60' lang='lat' dir='ltr'>parteunde</span> <span class='ocrx_word' id='word_1_19' title='bbox 1231 716 1328 796; x_wconf 65' lang='lat' dir='ltr'>poeta</span> 
     </span>
     <span class='ocr_line' id='line_1_4' title="bbox 100 726 1327 899; baseline -0.005 -33"><span class='ocrx_word' id='word_1_20' title='bbox 100 726 353 888; x_wconf 48' lang='lat' dir='ltr'>semitm&amp;</span> <span class='ocrx_word' id='word_1_21' title='bbox 367 799 549 879; x_wconf 70' lang='lat' dir='ltr'>exordium:</span> <span class='ocrx_word' id='word_1_22' title='bbox 562 798 710 882; x_wconf 88' lang='lat' dir='ltr'>adusque</span> <span class='ocrx_word' id='word_1_23' title='bbox 719 799 872 899; x_wconf 71' lang='lat' dir='ltr'>poematis</span> <span class='ocrx_word' id='word_1_24' title='bbox 882 799 989 883; x_wconf 21' lang='lat' dir='ltr'>,linem</span> <span class='ocrx_word' id='word_1_25' title='bbox 1034 796 1089 859; x_wconf 84' lang='lat' dir='ltr'>Sic</span> <span class='ocrx_word' id='word_1_26' title='bbox 1103 795 1247 879; x_wconf 78' lang='lat' dir='ltr'><strong>Odyssea</strong></span> <span class='ocrx_word' id='word_1_27' title='bbox 1261 798 1327 861; x_wconf 83' lang='lat' dir='ltr'>dies</span> 
     </span>
    </p>
   </div>
   <div class='ocr_carea' id='block_1_3' title="bbox 101 880 1340 1375">
    <p class='ocr_par' dir='ltr' id='par_1_3' title="bbox 101 880 1340 1375">
     <span class='ocr_line' id='line_1_5' title="bbox 101 880 1340 972; baseline -0.008 -21"><span class='ocrx_word' id='word_1_28' title='bbox 101 889 229 972; x_wconf 88' lang='lat' dir='ltr'>quinque</span> <span class='ocrx_word' id='word_1_29' title='bbox 241 906 367 949; x_wconf 88' lang='lat' dir='ltr'>omnmo</span> <span class='ocrx_word' id='word_1_30' title='bbox 381 899 413 947; x_wconf 91' lang='lat' dir='ltr'>et</span> <span class='ocrx_word' id='word_1_31' title='bbox 424 884 670 966; x_wconf 69' lang='lat' dir='ltr'>quinquaginta:</span> <span class='ocrx_word' id='word_1_32' title='bbox 693 882 767 947; x_wconf 83' lang='lat' dir='ltr'>llras</span> <span class='ocrx_word' id='word_1_33' title='bbox 781 905 896 947; x_wconf 89' lang='lat' dir='ltr'>annum</span> <span class='ocrx_word' id='word_1_34' title='bbox 911 885 1064 964; x_wconf 80' lang='lat' dir='ltr'>integrum</span> <span class='ocrx_word' id='word_1_35' title='bbox 1077 880 1171 964; x_wconf 84' lang='lat' dir='ltr'>capit.</span> <span class='ocrx_word' id='word_1_36' title='bbox 1337 950 1340 955; x_wconf 27' lang='lat'>¹</span> 
     </span>
     <span class='ocr_line' id='line_1_6' title="bbox 139 965 1327 1071; baseline -0.007 -34"><span class='ocrx_word' id='word_1_37' title='bbox 139 966 321 1037; x_wconf 71' lang='lat' dir='ltr'><strong>FABULA</strong></span> <span class='ocrx_word' id='word_1_38' title='bbox 336 982 456 1032; x_wconf 84' lang='lat' dir='ltr'>constat</span> <span class='ocrx_word' id='word_1_39' title='bbox 468 968 698 1053; x_wconf 88' lang='lat' dir='ltr'>partibus,.sive</span> <span class='ocrx_word' id='word_1_40' title='bbox 711 969 803 1071; x_wconf 78' lang='lat' dir='ltr'>plane</span> <span class='ocrx_word' id='word_1_41' title='bbox 825 968 1013 1044; x_wconf 81' lang='lat' dir='ltr'>necessariis,</span> <span class='ocrx_word' id='word_1_42' title='bbox 1027 986 1100 1051; x_wconf 84' lang='lat' dir='ltr'>quae</span> <span class='ocrx_word' id='word_1_43' title='bbox 1122 979 1192 1029; x_wconf 86' lang='lat' dir='ltr'>:unt</span> <span class='ocrx_word' id='word_1_44' title='bbox 1205 965 1327 1029; x_wconf 74' lang='lat' dir='ltr'>exordi-</span> 
     </span>
     <span class='ocr_line' id='line_1_7' title="bbox 103 1051 1261 1136; baseline -0.005 -15"><span class='ocrx_word' id='word_1_45' title='bbox 103 1081 155 1136; x_wconf 81' lang='lat' dir='ltr'>ust,</span> <span class='ocrx_word' id='word_1_46' title='bbox 170 1080 272 1133; x_wconf 81' lang='lat' dir='ltr'>aecus,</span> <span class='ocrx_word' id='word_1_47' title='bbox 286 1071 316 1118; x_wconf 87' lang='lat' dir='ltr'>et</span> <span class='ocrx_word' id='word_1_48' title='bbox 330 1053 459 1117; x_wconf 78' lang='lat' dir='ltr'>solutio:</span> <span class='ocrx_word' id='word_1_49' title='bbox 482 1054 545 1115; x_wconf 80' lang='lat' dir='ltr'>sire</span> <span class='ocrx_word' id='word_1_50' title='bbox 557 1074 619 1114; x_wconf 90' lang='lat' dir='ltr'>non</span> <span class='ocrx_word' id='word_1_51' title='bbox 631 1052 725 1136; x_wconf 88' lang='lat' dir='ltr'>plane</span> <span class='ocrx_word' id='word_1_52' title='bbox 741 1055 928 1131; x_wconf 85' lang='lat' dir='ltr'>necessariis,</span> <span class='ocrx_word' id='word_1_53' title='bbox 944 1073 1015 1135; x_wconf 83' lang='lat' dir='ltr'>quoe</span> <span class='ocrx_word' id='word_1_54' title='bbox 1030 1063 1101 1113; x_wconf 88' lang='lat' dir='ltr'>sunt</span> <span class='ocrx_word' id='word_1_55' title='bbox 1114 1051 1261 1135; x_wconf 83' lang='lat' dir='ltr'>episodio.</span> 
     </span>
     <span class='ocr_line' id='line_1_8' title="bbox 140 1136 1324 1223; baseline -0.007 -17"><span class='ocrx_word' id='word_1_56' title='bbox 140 1142 320 1217; x_wconf 73' lang='lat' dir='ltr'>Exordium,</span> <span class='ocrx_word' id='word_1_57' title='bbox 330 1142 423 1201; x_wconf 87' lang='lat' dir='ltr'>hahet</span> <span class='ocrx_word' id='word_1_58' title='bbox 430 1139 670 1223; x_wconf 77' lang='lat' dir='ltr'>propositionem</span> <span class='ocrx_word' id='word_1_59' title='bbox 684 1138 823 1223; x_wconf 78' lang='lat' dir='ltr'>actionis,</span> <span class='ocrx_word' id='word_1_60' title='bbox 833 1139 1060 1201; x_wconf 85' lang='lat' dir='ltr'><strong>invocationem</strong></span> <span class='ocrx_word' id='word_1_61' title='bbox 1072 1136 1216 1214; x_wconf 89' lang='lat' dir='ltr'>numinis,</span> <span class='ocrx_word' id='word_1_62' title='bbox 1232 1136 1324 1199; x_wconf 86' lang='lat' dir='ltr'>etiam</span> 
     </span>
     <span class='ocr_line' id='line_1_9' title="bbox 105 1222 1103 1375; baseline -0.008 -85"><span class='ocrx_word' id='word_1_63' title='bbox 105 1228 263 1375; x_wconf 54' lang='lat' dir='ltr'>alitpmndo</span> <span class='ocrx_word' id='word_1_64' title='bbox 278 1226 502 1288; x_wconf 79' lang='lat' dir='ltr'>dedicationem</span> <span class='ocrx_word' id='word_1_65' title='bbox 518 1224 619 1307; x_wconf 87' lang='lat' dir='ltr'>operis</span> <span class='ocrx_word' id='word_1_66' title='bbox 634 1222 765 1305; x_wconf 81' lang='lat' dir='ltr'>principi</span> <span class='ocrx_word' id='word_1_67' title='bbox 782 1238 834 1286; x_wconf 90' lang='lat' dir='ltr'>aut</span> <span class='ocrx_word' id='word_1_68' title='bbox 849 1224 949 1287; x_wconf 89' lang='lat' dir='ltr'>amico</span> <span class='ocrx_word' id='word_1_69' title='bbox 963 1223 1042 1284; x_wconf 84' lang='lat' dir='ltr'>viro.</span> <span class='ocrx_word' id='word_1_70' title='bbox 1099 1288 1103 1295; x_wconf 56' lang='lat'>‚</span> 
     </span>
    </p>
   </div>
   <div class='ocr_carea' id='block_1_4' title="bbox 102 1305 1327 1967">
    <p class='ocr_par' dir='ltr' id='par_1_4' title="bbox 165 1305 1326 1389">
     <span class='ocr_line' id='line_1_10' title="bbox 165 1305 1326 1389; baseline -0.005 -15"><span class='ocrx_word' id='word_1_71' title='bbox 165 1313 256 1388; x_wconf 76' lang='lat' dir='ltr'>&#39;&#39;e-cus,</span> <span class='ocrx_word' id='word_1_72' title='bbox 271 1326 317 1373; x_wconf 90' lang='lat' dir='ltr'>est</span> <span class='ocrx_word' id='word_1_73' title='bbox 342 1310 496 1371; x_wconf 82' lang='lat' dir='ltr'>variorum</span> <span class='ocrx_word' id='word_1_74' title='bbox 526 1329 651 1369; x_wconf 89' lang='lat' dir='ltr'>casuum</span> <span class='ocrx_word' id='word_1_75' title='bbox 679 1312 780 1385; x_wconf 89' lang='lat' dir='ltr'>series,</span> <span class='ocrx_word' id='word_1_76' title='bbox 797 1309 836 1370; x_wconf 87' lang='lat' dir='ltr'>ed</span> <span class='ocrx_word' id='word_1_77' title='bbox 851 1329 918 1370; x_wconf 87' lang='lat' dir='ltr'>eam</span> <span class='ocrx_word' id='word_1_78' title='bbox 934 1328 1030 1388; x_wconf 87' lang='lat' dir='ltr'>usque</span> <span class='ocrx_word' id='word_1_79' title='bbox 1044 1305 1193 1389; x_wconf 86' lang='lat' dir='ltr'>perducta</span> <span class='ocrx_word' id='word_1_80' title='bbox 1208 1319 1326 1389; x_wconf 84' lang='lat' dir='ltr'>partem</span> 
     </span>
    </p>

    <p class='ocr_par' dir='ltr' id='par_1_5' title="bbox 105 1391 1157 1481">
     <span class='ocr_line' id='line_1_11' title="bbox 105 1391 1157 1481; baseline -0.005 -23"><span class='ocrx_word' id='word_1_81' title='bbox 105 1399 205 1481; x_wconf 68' lang='lat' dir='ltr'>operis,</span> <span class='ocrx_word' id='word_1_82' title='bbox 219 1399 251 1458; x_wconf 92' lang='lat' dir='ltr'>in</span> <span class='ocrx_word' id='word_1_83' title='bbox 266 1395 329 1478; x_wconf 77' lang='lat' dir='ltr'>qui</span> <span class='ocrx_word' id='word_1_84' title='bbox 341 1396 375 1456; x_wconf 83' lang='lat' dir='ltr'>fit</span> <span class='ocrx_word' id='word_1_85' title='bbox 384 1395 514 1456; x_wconf 88' lang='lat' dir='ltr'>actionis</span> <span class='ocrx_word' id='word_1_86' title='bbox 529 1393 627 1454; x_wconf 81' lang='lat' dir='ltr'>flexus</span> <span class='ocrx_word' id='word_1_87' title='bbox 640 1394 672 1453; x_wconf 91' lang='lat' dir='ltr'>in</span> <span class='ocrx_word' id='word_1_88' title='bbox 687 1391 861 1455; x_wconf 76' lang='lat' dir='ltr'>felicitatem</span> <span class='ocrx_word' id='word_1_89' title='bbox 876 1392 1157 1455; x_wconf 81' lang='lat' dir='ltr'>autinlelicitatem.</span> 
     </span>
    </p>

    <p class='ocr_par' dir='ltr' id='par_1_6' title="bbox 140 1475 1283 1561">
     <span class='ocr_line' id='line_1_12' title="bbox 140 1475 1283 1561; baseline -0.005 -16"><span class='ocrx_word' id='word_1_90' title='bbox 140 1482 268 1557; x_wconf 86' lang='lat' dir='ltr'>Solutio,</span> <span class='ocrx_word' id='word_1_91' title='bbox 285 1493 329 1542; x_wconf 89' lang='lat' dir='ltr'>est</span> <span class='ocrx_word' id='word_1_92' title='bbox 344 1479 489 1561; x_wconf 80' lang='lat' dir='ltr'>qtricquid</span> <span class='ocrx_word' id='word_1_93' title='bbox 502 1479 541 1540; x_wconf 85' lang='lat' dir='ltr'>ab</span> <span class='ocrx_word' id='word_1_94' title='bbox 555 1499 593 1539; x_wconf 91' lang='lat' dir='ltr'>eo</span> <span class='ocrx_word' id='word_1_95' title='bbox 609 1479 688 1540; x_wconf 86' lang='lat' dir='ltr'>ssexu</span> <span class='ocrx_word' id='word_1_96' title='bbox 699 1478 738 1538; x_wconf 85' lang='lat' dir='ltr'>ad</span> <span class='ocrx_word' id='word_1_97' title='bbox 755 1479 844 1540; x_wconf 87' lang='lat' dir='ltr'>finem</span> <span class='ocrx_word' id='word_1_98' title='bbox 858 1499 954 1560; x_wconf 86' lang='lat' dir='ltr'>usque</span> <span class='ocrx_word' id='word_1_99' title='bbox 969 1476 1099 1553; x_wconf 78' lang='lat' dir='ltr'>actionis</span> <span class='ocrx_word' id='word_1_100' title='bbox 1112 1475 1283 1560; x_wconf 82' lang='lat' dir='ltr'>peragitur.</span> 
     </span>
    </p>

    <p class='ocr_par' dir='ltr' id='par_1_7' title="bbox 102 1560 1327 1967">
     <span class='ocr_line' id='line_1_13' title="bbox 138 1560 1326 1652; baseline -0.005 -23"><span class='ocrx_word' id='word_1_101' title='bbox 138 1565 300 1652; x_wconf 81' lang='lat' dir='ltr'>Episodia,</span> <span class='ocrx_word' id='word_1_102' title='bbox 317 1585 386 1626; x_wconf 86' lang='lat' dir='ltr'>sunt</span> <span class='ocrx_word' id='word_1_103' title='bbox 396 1565 531 1625; x_wconf 83' lang='lat' dir='ltr'>actiones</span> <span class='ocrx_word' id='word_1_104' title='bbox 544 1560 686 1644; x_wconf 78' lang='lat' dir='ltr'>quaedaiu</span> <span class='ocrx_word' id='word_1_105' title='bbox 711 1563 884 1639; x_wconf 82' lang='lat' dir='ltr'>adscititiae,</span> <span class='ocrx_word' id='word_1_106' title='bbox 907 1582 1062 1645; x_wconf 72' lang='lat' dir='ltr'>quaecum</span> <span class='ocrx_word' id='word_1_107' title='bbox 1078 1562 1200 1623; x_wconf 89' lang='lat' dir='ltr'>actione</span> <span class='ocrx_word' id='word_1_108' title='bbox 1215 1561 1326 1644; x_wconf 84' lang='lat' dir='ltr'>praeci·</span> 
     </span>
     <span class='ocr_line' id='line_1_14' title="bbox 105 1644 1327 1734; baseline -0.004 -21"><span class='ocrx_word' id='word_1_109' title='bbox 105 1651 262 1734; x_wconf 78' lang='lat' dir='ltr'>puiveluti</span> <span class='ocrx_word' id='word_1_110' title='bbox 279 1650 491 1725; x_wconf 74' lang='lat' dir='ltr'>iecessariam,</span> <span class='ocrx_word' id='word_1_111' title='bbox 519 1648 601 1709; x_wconf 74' lang='lat' dir='ltr'>certe</span> <span class='ocrx_word' id='word_1_112' title='bbox 628 1647 822 1709; x_wconf 88' lang='lat' dir='ltr'>verisimilem</span> <span class='ocrx_word' id='word_1_113' title='bbox 845 1647 1094 1731; x_wconf 87' lang='lat' dir='ltr'>conjunctionem</span> <span class='ocrx_word' id='word_1_114' title='bbox 1108 1647 1231 1709; x_wconf 90' lang='lat' dir='ltr'>habent.</span> <span class='ocrx_word' id='word_1_115' title='bbox 1274 1644 1327 1708; x_wconf 83' lang='lat' dir='ltr'>Ea</span> 
     </span>
     <span class='ocr_line' id='line_1_15' title="bbox 103 1732 1325 1819; baseline -0.002 -24"><span class='ocrx_word' id='word_1_116' title='bbox 103 1737 188 1819; x_wconf 70' lang='lat' dir='ltr'>:alga</span> <span class='ocrx_word' id='word_1_117' title='bbox 201 1737 234 1798; x_wconf 91' lang='lat' dir='ltr'>in</span> <span class='ocrx_word' id='word_1_118' title='bbox 249 1756 370 1811; x_wconf 82' lang='lat' dir='ltr'>nexum,</span> <span class='ocrx_word' id='word_1_119' title='bbox 387 1733 457 1795; x_wconf 78' lang='lat' dir='ltr'>rari:</span> <span class='ocrx_word' id='word_1_120' title='bbox 478 1734 507 1794; x_wconf 91' lang='lat' dir='ltr'>in</span> <span class='ocrx_word' id='word_1_121' title='bbox 524 1733 717 1808; x_wconf 87' lang='lat' dir='ltr'>solutionem,</span> <span class='ocrx_word' id='word_1_122' title='bbox 747 1752 903 1814; x_wconf 88' lang='lat' dir='ltr'>nunquam</span> <span class='ocrx_word' id='word_1_123' title='bbox 917 1733 950 1795; x_wconf 91' lang='lat' dir='ltr'>in</span> <span class='ocrx_word' id='word_1_124' title='bbox 965 1733 1124 1795; x_wconf 84' lang='lat' dir='ltr'>exordium</span> <span class='ocrx_word' id='word_1_125' title='bbox 1140 1732 1325 1794; x_wconf 88' lang='lat' dir='ltr'>inseruntur.</span> 
     </span>
     <span class='ocr_line' id='line_1_16' title="bbox 103 1816 1326 1902; baseline 0 -21"><span class='ocrx_word' id='word_1_126' title='bbox 103 1821 228 1881; x_wconf 67' lang='grc' dir='ltr'>Ἐπηδια</span> <span class='ocrx_word' id='word_1_127' title='bbox 237 1820 322 1899; x_wconf 77' lang='lat' dir='ltr'>dicta</span> <span class='ocrx_word' id='word_1_128' title='bbox 334 1821 373 1880; x_wconf 86' lang='lat' dir='ltr'>ab</span> <span class='ocrx_word' id='word_1_129' title='bbox 383 1824 431 1892; x_wconf 73' lang='lat' dir='ltr'>iri,</span> <span class='ocrx_word' id='word_1_130' title='bbox 439 1840 538 1902; x_wconf 84' lang='lat' dir='ltr'>super,</span> <span class='ocrx_word' id='word_1_131' title='bbox 548 1829 672 1902; x_wconf 80' lang='lat' dir='ltr'>preter,</span> <span class='ocrx_word' id='word_1_132' title='bbox 683 1820 721 1891; x_wconf 76' lang='lat' dir='ltr'>le,</span> <span class='ocrx_word' id='word_1_133' title='bbox 733 1818 775 1896; x_wconf 82' lang='lat' dir='ltr'>in,</span> <span class='ocrx_word' id='word_1_134' title='bbox 786 1833 817 1880; x_wconf 91' lang='lat' dir='ltr'>et</span> <span class='ocrx_word' id='word_1_135' title='bbox 829 1818 888 1895; x_wconf 68' lang='lat' dir='ltr'>elis,</span> <span class='ocrx_word' id='word_1_136' title='bbox 896 1817 946 1880; x_wconf 85' lang='lat' dir='ltr'>viu</span> <span class='ocrx_word' id='word_1_137' title='bbox 955 1841 969 1894; x_wconf 80' lang='lat'>,-</span> <span class='ocrx_word' id='word_1_138' title='bbox 984 1817 1071 1899; x_wconf 89' lang='lat' dir='ltr'>quasi</span> <span class='ocrx_word' id='word_1_139' title='bbox 1086 1816 1326 1902; x_wconf 76' lang='lat' dir='ltr'>supervenientia</span> 
     </span>
     <span class='ocr_line' id='line_1_17' title="bbox 102 1903 1000 1967; baseline -0.004 -3"><span class='ocrx_word' id='word_1_140' title='bbox 102 1903 209 1967; x_wconf 75' lang='lat' dir='ltr'>inuiam</span> <span class='ocrx_word' id='word_1_141' title='bbox 225 1914 254 1967; x_wconf 82' lang='lat' dir='ltr'>el</span> <span class='ocrx_word' id='word_1_142' title='bbox 267 1904 373 1967; x_wconf 77' lang='lat' dir='ltr'>seriem</span> <span class='ocrx_word' id='word_1_143' title='bbox 388 1904 526 1965; x_wconf 81' lang='lat' dir='ltr'>actlbnis.</span> <span class='ocrx_word' id='word_1_144' title='bbox 999 1916 1000 1920; x_wconf 73' lang='grc'>’</span> 
     </span>
    </p>
   </div>
   <div class='ocr_carea' id='block_1_5' title="bbox 45 1936 1326 2165">
    <p class='ocr_par' dir='ltr' id='par_1_8' title="bbox 45 1936 1326 2165">
     <span class='ocr_line' id='line_1_18' title="bbox 135 1936 1326 2070; baseline -0.003 -17"><span class='ocrx_word' id='word_1_145' title='bbox 135 1986 293 2053; x_wconf 84' lang='lat' dir='ltr'>lllORES</span> <span class='ocrx_word' id='word_1_146' title='bbox 308 1989 439 2070; x_wconf 85' lang='lat' dir='ltr'>deniqne</span> <span class='ocrx_word' id='word_1_147' title='bbox 454 1988 647 2050; x_wconf 83' lang='lat' dir='ltr'>manifestant</span> <span class='ocrx_word' id='word_1_148' title='bbox 662 1987 755 2050; x_wconf 89' lang='lat' dir='ltr'>animi</span> <span class='ocrx_word' id='word_1_149' title='bbox 783 1986 918 2051; x_wconf 81' lang='lat' dir='ltr'>affectus.</span> <span class='ocrx_word' id='word_1_150' title='bbox 937 1936 941 1949; x_wconf 26' lang='grc' dir='ltr'>ι</span> <span class='ocrx_word' id='word_1_151' title='bbox 962 1984 1228 2051; x_wconf 80' lang='lat' dir='ltr'><strong>SENTENTIA</strong></span> <span class='ocrx_word' id='word_1_152' title='bbox 1241 2007 1326 2050; x_wconf 88' lang='lat' dir='ltr'>meu·</span> 
     </span>
     <span class='ocr_line' id='line_1_19' title="bbox 45 2070 1289 2165; baseline -0.001 -28"><span class='ocrx_word' id='word_1_153' title='bbox 45 2094 48 2165; x_wconf 61' lang='lat' dir='ltr'>l</span> <span class='ocrx_word' id='word_1_154' title='bbox 100 2073 132 2137; x_wconf 80' lang='lat' dir='ltr'>tis</span> <span class='ocrx_word' id='word_1_155' title='bbox 145 2076 351 2159; x_wconf 83' lang='lat' dir='ltr'>cogitationes</span> <span class='ocrx_word' id='word_1_156' title='bbox 365 2073 516 2158; x_wconf 76' lang='lat' dir='ltr'>exprimit.</span> <span class='ocrx_word' id='word_1_157' title='bbox 561 2070 720 2137; x_wconf 86' lang='lat' dir='ltr'>DlCTlO</span> <span class='ocrx_word' id='word_1_158' title='bbox 737 2088 836 2134; x_wconf 86' lang='lat' dir='ltr'>mores</span> <span class='ocrx_word' id='word_1_159' title='bbox 843 2087 873 2136; x_wconf 89' lang='lat' dir='ltr'>et</span> <span class='ocrx_word' id='word_1_160' title='bbox 885 2073 1064 2136; x_wconf 85' lang='lat' dir='ltr'>sententiam</span> <span class='ocrx_word' id='word_1_161' title='bbox 1080 2085 1289 2155; x_wconf 70' lang='lat' dir='ltr'>repraesentat.</span> 
     </span>
    </p>
   </div>
   <div class='ocr_carea' id='block_1_6' title="bbox 447 2224 968 2308">
    <p class='ocr_par' dir='ltr' id='par_1_9' title="bbox 447 2224 968 2308">
     <span class='ocr_line' id='line_1_20' title="bbox 447 2224 968 2308; baseline -0.002 -1"><span class='ocrx_word' id='word_1_162' title='bbox 447 2224 510 2307; x_wconf 84' lang='lat' dir='ltr'>ne</span> <span class='ocrx_word' id='word_1_163' title='bbox 533 2240 724 2307; x_wconf 72' lang='lat' dir='ltr'>urruns</span> <span class='ocrx_word' id='word_1_164' title='bbox 747 2240 968 2308; x_wconf 75' lang='lat' dir='ltr'>anemos</span> 
     </span>
    </p>
   </div>
   <div class='ocr_carea' id='block_1_7' title="bbox 85 2386 1331 4941">
    <p class='ocr_par' dir='ltr' id='par_1_10' title="bbox 89 2386 1331 3071">
     <span class='ocr_line' id='line_1_21' title="bbox 134 2386 1326 2474; baseline -0.002 -17"><span class='ocrx_word' id='word_1_165' title='bbox 134 2395 227 2457; x_wconf 80' lang='lat' dir='ltr'>Actio</span> <span class='ocrx_word' id='word_1_166' title='bbox 243 2392 400 2468; x_wconf 79' lang='lat' dir='ltr'>AEneidos,</span> <span class='ocrx_word' id='word_1_167' title='bbox 416 2406 450 2453; x_wconf 91' lang='lat' dir='ltr'>ut</span> <span class='ocrx_word' id='word_1_168' title='bbox 462 2392 544 2454; x_wconf 88' lang='lat' dir='ltr'>nuda</span> <span class='ocrx_word' id='word_1_169' title='bbox 557 2405 603 2453; x_wconf 87' lang='lat' dir='ltr'>est</span> <span class='ocrx_word' id='word_1_170' title='bbox 618 2392 718 2474; x_wconf 89' lang='lat' dir='ltr'>operis</span> <span class='ocrx_word' id='word_1_171' title='bbox 731 2391 869 2470; x_wconf 86' lang='lat' dir='ltr'>materia,</span> <span class='ocrx_word' id='word_1_172' title='bbox 883 2386 928 2454; x_wconf 80' lang='lat' dir='ltr'>sic&#39;</span> <span class='ocrx_word' id='word_1_173' title='bbox 943 2392 1088 2454; x_wconf 88' lang='lat' dir='ltr'>sehabet.</span> <span class='ocrx_word' id='word_1_174' title='bbox 1133 2391 1257 2467; x_wconf 83' lang='lat' dir='ltr'>AEneas,</span> <span class='ocrx_word' id='word_1_175' title='bbox 1277 2389 1326 2455; x_wconf 89' lang='lat' dir='ltr'>in·</span> 
     </span>
     <span class='ocr_line' id='line_1_22' title="bbox 92 2473 1331 2559; baseline -0.004 -18"><span class='ocrx_word' id='word_1_176' title='bbox 92 2480 215 2541; x_wconf 75' lang='lat' dir='ltr'>censii</span> <span class='ocrx_word' id='word_1_177' title='bbox 230 2478 351 2543; x_wconf 69' lang='lat' dir='ltr'>Graecis</span> <span class='ocrx_word' id='word_1_178' title='bbox 363 2476 472 2559; x_wconf 77' lang='lat' dir='ltr'>Troja,</span> <span class='ocrx_word' id='word_1_179' title='bbox 487 2499 557 2541; x_wconf 92' lang='lat' dir='ltr'>cum</span> <span class='ocrx_word' id='word_1_180' title='bbox 577 2498 701 2539; x_wconf 91' lang='lat' dir='ltr'>suorum</span> <span class='ocrx_word' id='word_1_181' title='bbox 723 2477 860 2558; x_wconf 89' lang='lat' dir='ltr'>reliquiis</span> <span class='ocrx_word' id='word_1_182' title='bbox 872 2478 950 2539; x_wconf 89' lang='lat' dir='ltr'>mari</span> <span class='ocrx_word' id='word_1_183' title='bbox 966 2498 997 2538; x_wconf 92' lang='lat' dir='ltr'>se</span> <span class='ocrx_word' id='word_1_184' title='bbox 1012 2476 1185 2554; x_wconf 81' lang='lat' dir='ltr'>committit,</span> <span class='ocrx_word' id='word_1_185' title='bbox 1201 2473 1331 2543; x_wconf 81' lang='lat' dir='ltr'>ltaliam¹</span> 
     </span>
     <span class='ocr_line' id='line_1_23' title="bbox 91 2560 1325 2646; baseline -0.002 -21"><span class='ocrx_word' id='word_1_186' title='bbox 91 2566 251 2646; x_wconf 87' lang='lat' dir='ltr'>petiturus,</span> <span class='ocrx_word' id='word_1_187' title='bbox 266 2565 346 2626; x_wconf 88' lang='lat' dir='ltr'>unde</span> <span class='ocrx_word' id='word_1_188' title='bbox 371 2563 501 2644; x_wconf 88' lang='lat' dir='ltr'>majores</span> <span class='ocrx_word' id='word_1_189' title='bbox 513 2564 578 2644; x_wconf 84' lang='lat' dir='ltr'>ejus</span> <span class='ocrx_word' id='word_1_190' title='bbox 593 2562 652 2623; x_wconf 89' lang='lat' dir='ltr'>orti</span> <span class='ocrx_word' id='word_1_191' title='bbox 668 2584 732 2627; x_wconf 87' lang='lat' dir='ltr'>esse</span> <span class='ocrx_word' id='word_1_192' title='bbox 747 2563 936 2625; x_wconf 86' lang='lat' dir='ltr'>ferebantur:</span> <span class='ocrx_word' id='word_1_193' title='bbox 959 2561 1043 2641; x_wconf 89' lang='lat' dir='ltr'>illuc,</span> <span class='ocrx_word' id='word_1_194' title='bbox 1057 2576 1127 2646; x_wconf 89' lang='lat' dir='ltr'>post</span> <span class='ocrx_word' id='word_1_195' title='bbox 1139 2582 1229 2625; x_wconf 89' lang='lat' dir='ltr'>casus</span> <span class='ocrx_word' id='word_1_196' title='bbox 1244 2560 1325 2624; x_wconf 80' lang='lat' dir='ltr'>terri:</span> 
     </span>
     <span class='ocr_line' id='line_1_24' title="bbox 90 2648 1324 2731; baseline -0.002 -21"><span class='ocrx_word' id='word_1_197' title='bbox 90 2652 230 2730; x_wconf 81' lang='lat' dir='ltr'>murique</span> <span class='ocrx_word' id='word_1_198' title='bbox 243 2651 355 2725; x_wconf 89' lang='lat' dir='ltr'>varios,</span> <span class='ocrx_word' id='word_1_199' title='bbox 372 2648 511 2731; x_wconf 82' lang='lat' dir='ltr'>appellit:</span> <span class='ocrx_word' id='word_1_200' title='bbox 527 2648 677 2730; x_wconf 79' lang='lat' dir='ltr'>excipitur</span> <span class='ocrx_word' id='word_1_201' title='bbox 690 2649 861 2710; x_wconf 85' lang='lat' dir='ltr'>humaniter</span> <span class='ocrx_word' id='word_1_202' title='bbox 875 2649 893 2710; x_wconf 80' lang='lat' dir='ltr'>a</span> <span class='ocrx_word' id='word_1_203' title='bbox 906 2648 1030 2725; x_wconf 84' lang='lat' dir='ltr'>Latino,</span> <span class='ocrx_word' id='word_1_204' title='bbox 1045 2662 1116 2710; x_wconf 90' lang='lat' dir='ltr'>tunc</span> <span class='ocrx_word' id='word_1_205' title='bbox 1130 2648 1243 2710; x_wconf 87' lang='lat' dir='ltr'>ibidem</span> <span class='ocrx_word' id='word_1_206' title='bbox 1254 2668 1324 2729; x_wconf 85' lang='lat' dir='ltr'>reg-</span> 
     </span>
     <span class='ocr_line' id='line_1_25' title="bbox 90 2731 1323 2817; baseline -0.002 -22"><span class='ocrx_word' id='word_1_207' title='bbox 90 2749 200 2811; x_wconf 80' lang='lat' dir='ltr'>nante3</span> <span class='ocrx_word' id='word_1_208' title='bbox 215 2749 244 2796; x_wconf 88' lang='lat' dir='ltr'>et</span> <span class='ocrx_word' id='word_1_209' title='bbox 259 2733 399 2795; x_wconf 73' lang='lat' dir='ltr'>Lauiniae</span> <span class='ocrx_word' id='word_1_210' title='bbox 412 2733 525 2816; x_wconf 87' lang='lat' dir='ltr'>nuptiis</span> <span class='ocrx_word' id='word_1_211' title='bbox 541 2733 571 2794; x_wconf 90' lang='lat' dir='ltr'>in</span> <span class='ocrx_word' id='word_1_212' title='bbox 588 2755 733 2814; x_wconf 82' lang='lat' dir='ltr'>generum</span> <span class='ocrx_word' id='word_1_213' title='bbox 748 2735 954 2817; x_wconf 83' lang='lat' dir='ltr'>adoptaretur,</span> <span class='ocrx_word' id='word_1_214' title='bbox 972 2735 1028 2796; x_wconf 89' lang='lat' dir='ltr'>nisi</span> <span class='ocrx_word' id='word_1_215' title='bbox 1038 2736 1173 2797; x_wconf 84' lang='lat' dir='ltr'>obstaret</span> <span class='ocrx_word' id='word_1_216' title='bbox 1185 2731 1323 2811; x_wconf 86' lang='lat' dir='ltr'>Turnus,</span> 
     </span>
     <span class='ocr_line' id='line_1_26' title="bbox 90 2816 1323 2903; baseline -0.001 -22"><span class='ocrx_word' id='word_1_217' title='bbox 90 2819 196 2881; x_wconf 88' lang='lat' dir='ltr'>Dauni</span> <span class='ocrx_word' id='word_1_218' title='bbox 214 2819 400 2881; x_wconf 85' lang='lat' dir='ltr'>Rutulorum</span> <span class='ocrx_word' id='word_1_219' title='bbox 415 2819 498 2898; x_wconf 77' lang='lat' dir='ltr'>regis</span> <span class='ocrx_word' id='word_1_220' title='bbox 513 2818 603 2879; x_wconf 88' lang='lat' dir='ltr'>filius.</span> <span class='ocrx_word' id='word_1_221' title='bbox 648 2816 680 2881; x_wconf 91' lang='lat' dir='ltr'>Is</span> <span class='ocrx_word' id='word_1_222' title='bbox 694 2818 1160 2903; x_wconf 83' lang='lat' dir='ltr'>Laviuiaenuptiasjampridem</span> <span class='ocrx_word' id='word_1_223' title='bbox 1175 2821 1323 2896; x_wconf 88' lang='lat' dir='ltr'>ambiens,</span> 
     </span>
     <span class='ocr_line' id='line_1_27' title="bbox 89 2904 1323 2988; baseline -0.002 -21"><span class='ocrx_word' id='word_1_224' title='bbox 89 2906 217 2968; x_wconf 81' lang='lat' dir='ltr'>AEueam</span> <span class='ocrx_word' id='word_1_225' title='bbox 234 2906 321 2986; x_wconf 67' lang='lat' dir='ltr'>pravi</span> <span class='ocrx_word' id='word_1_226' title='bbox 335 2904 416 2966; x_wconf 90' lang='lat' dir='ltr'>bello</span> <span class='ocrx_word' id='word_1_227' title='bbox 432 2917 540 2965; x_wconf 80' lang='lat' dir='ltr'>vexet:</span> <span class='ocrx_word' id='word_1_228' title='bbox 564 2904 616 2964; x_wconf 89' lang='lat' dir='ltr'>sed</span> <span class='ocrx_word' id='word_1_229' title='bbox 631 2905 669 2964; x_wconf 88' lang='lat' dir='ltr'>ah</span> <span class='ocrx_word' id='word_1_230' title='bbox 690 2925 727 2965; x_wconf 90' lang='lat' dir='ltr'>eo</span> <span class='ocrx_word' id='word_1_231' title='bbox 743 2905 840 2967; x_wconf 89' lang='lat' dir='ltr'>victus</span> <span class='ocrx_word' id='word_1_232' title='bbox 862 2919 892 2966; x_wconf 90' lang='lat' dir='ltr'>et</span> <span class='ocrx_word' id='word_1_233' title='bbox 907 2906 1035 2982; x_wconf 92' lang='lat' dir='ltr'>occisus,</span> <span class='ocrx_word' id='word_1_234' title='bbox 1053 2927 1195 2988; x_wconf 88' lang='lat' dir='ltr'>sponsam</span> <span class='ocrx_word' id='word_1_235' title='bbox 1212 2905 1239 2966; x_wconf 89' lang='lat' dir='ltr'>ei</span> <span class='ocrx_word' id='word_1_236' title='bbox 1254 2926 1323 2986; x_wconf 84' lang='lat' dir='ltr'>reg-</span> 
     </span>
     <span class='ocr_line' id='line_1_28' title="bbox 89 2988 723 3071; baseline 0.003 -23"><span class='ocrx_word' id='word_1_237' title='bbox 89 3012 223 3069; x_wconf 84' lang='lat' dir='ltr'>numque</span> <span class='ocrx_word' id='word_1_238' title='bbox 238 2990 412 3050; x_wconf 88' lang='lat' dir='ltr'>habendum</span> <span class='ocrx_word' id='word_1_239' title='bbox 426 2988 556 3069; x_wconf 83' lang='lat' dir='ltr'>denique</span> <span class='ocrx_word' id='word_1_240' title='bbox 566 2989 723 3071; x_wconf 86' lang='lat' dir='ltr'>permittit.</span> 
     </span>
    </p>

    <p class='ocr_par' dir='ltr' id='par_1_11' title="bbox 137 3072 959 3155">
     <span class='ocr_line' id='line_1_29' title="bbox 137 3072 959 3155; baseline 0.002 -22"><span class='ocrx_word' id='word_1_241' title='bbox 137 3073 237 3135; x_wconf 75' lang='lat' dir='ltr'>l&#39;urtm</span> <span class='ocrx_word' id='word_1_242' title='bbox 253 3095 327 3151; x_wconf 88' lang='lat' dir='ltr'>esse,</span> <span class='ocrx_word' id='word_1_243' title='bbox 344 3088 434 3153; x_wconf 88' lang='lat' dir='ltr'>atque</span> <span class='ocrx_word' id='word_1_244' title='bbox 446 3072 601 3148; x_wconf 79' lang='lat' dir='ltr'>illustrem,</span> <span class='ocrx_word' id='word_1_245' title='bbox 613 3094 678 3134; x_wconf 88' lang='lat' dir='ltr'>eam</span> <span class='ocrx_word' id='word_1_246' title='bbox 691 3075 841 3136; x_wconf 86' lang='lat' dir='ltr'>actionem</span> <span class='ocrx_word' id='word_1_247' title='bbox 856 3075 959 3155; x_wconf 86' lang='lat' dir='ltr'>liquet.</span> 
     </span>
    </p>

    <p class='ocr_par' dir='ltr' id='par_1_12' title="bbox 86 3157 1322 3913">
     <span class='ocr_line' id='line_1_30' title="bbox 137 3157 1322 3242; baseline 0.001 -22"><span class='ocrx_word' id='word_1_248' title='bbox 137 3158 322 3242; x_wconf 81' lang='lat' dir='ltr'>Completum</span> <span class='ocrx_word' id='word_1_249' title='bbox 334 3159 462 3238; x_wconf 84' lang='lat' dir='ltr'>negavit</span> <span class='ocrx_word' id='word_1_250' title='bbox 475 3157 638 3240; x_wconf 84' lang='lat' dir='ltr'>lllaphaeus</span> <span class='ocrx_word' id='word_1_251' title='bbox 655 3157 783 3239; x_wconf 80' lang='lat' dir='ltr'>Vegius,</span> <span class='ocrx_word' id='word_1_252' title='bbox 800 3159 930 3239; x_wconf 72' lang='lat' dir='ltr'>ideoque</span> <span class='ocrx_word' id='word_1_253' title='bbox 946 3158 1003 3220; x_wconf 86' lang='lat' dir='ltr'>sibi</span> <span class='ocrx_word' id='word_1_254' title='bbox 1019 3179 1107 3241; x_wconf 89' lang='lat' dir='ltr'>posse</span> <span class='ocrx_word' id='word_1_255' title='bbox 1118 3159 1200 3220; x_wconf 90' lang='lat' dir='ltr'>visus</span> <span class='ocrx_word' id='word_1_256' title='bbox 1213 3175 1257 3219; x_wconf 86' lang='lat' dir='ltr'>est</span> <span class='ocrx_word' id='word_1_257' title='bbox 1270 3158 1322 3221; x_wconf 86' lang='lat' dir='ltr'>de·</span> 
     </span>
     <span class='ocr_line' id='line_1_31' title="bbox 86 3238 1322 3325; baseline 0 -20"><span class='ocrx_word' id='word_1_258' title='bbox 86 3245 201 3305; x_wconf 77' lang='lat' dir='ltr'>timum</span> <span class='ocrx_word' id='word_1_259' title='bbox 218 3238 340 3305; x_wconf 81' lang='lat' dir='ltr'>tertium</span> <span class='ocrx_word' id='word_1_260' title='bbox 357 3243 468 3304; x_wconf 90' lang='lat' dir='ltr'>librum</span> <span class='ocrx_word' id='word_1_261' title='bbox 486 3243 606 3305; x_wconf 84' lang='lat' dir='ltr'>AEueidi</span> <span class='ocrx_word' id='word_1_262' title='bbox 623 3264 753 3321; x_wconf 88' lang='lat' dir='ltr'>assuere,</span> <span class='ocrx_word' id='word_1_263' title='bbox 767 3265 828 3325; x_wconf 90' lang='lat' dir='ltr'>quo</span> <span class='ocrx_word' id='word_1_264' title='bbox 844 3243 981 3304; x_wconf 88' lang='lat' dir='ltr'>dolorem</span> <span class='ocrx_word' id='word_1_265' title='bbox 998 3243 1197 3320; x_wconf 88' lang='lat' dir='ltr'>Rutulorum,</span> <span class='ocrx_word' id='word_1_266' title='bbox 1221 3242 1322 3305; x_wconf 88' lang='lat' dir='ltr'>Turni</span> 
     </span>
     <span class='ocr_line' id='line_1_32' title="bbox 86 3324 1321 3411; baseline 0.002 -23"><span class='ocrx_word' id='word_1_267' title='bbox 86 3329 187 3404; x_wconf 83' lang='lat' dir='ltr'>sunus,</span> <span class='ocrx_word' id='word_1_268' title='bbox 203 3331 309 3392; x_wconf 75' lang='lat' dir='ltr'>AEneae</span> <span class='ocrx_word' id='word_1_269' title='bbox 321 3328 444 3410; x_wconf 87' lang='lat' dir='ltr'>nuptias</span> <span class='ocrx_word' id='word_1_270' title='bbox 454 3340 483 3387; x_wconf 91' lang='lat' dir='ltr'>et</span> <span class='ocrx_word' id='word_1_271' title='bbox 494 3328 674 3409; x_wconf 88' lang='lat' dir='ltr'>apotheosin</span> <span class='ocrx_word' id='word_1_272' title='bbox 685 3324 861 3411; x_wconf 80' lang='lat' dir='ltr'>complexus</span> <span class='ocrx_word' id='word_1_273' title='bbox 874 3342 937 3390; x_wconf 84' lang='lat' dir='ltr'>est:</span> <span class='ocrx_word' id='word_1_274' title='bbox 951 3329 1063 3390; x_wconf 75' lang='lat' dir='ltr'>temere</span> <span class='ocrx_word' id='word_1_275' title='bbox 1078 3329 1213 3390; x_wconf 88' lang='lat' dir='ltr'>omnin0.</span> <span class='ocrx_word' id='word_1_276' title='bbox 1238 3327 1321 3391; x_wconf 87' lang='lat' dir='ltr'>Nam</span> 
     </span>
     <span class='ocr_line' id='line_1_33' title="bbox 87 3411 1322 3498; baseline 0.002 -26"><span class='ocrx_word' id='word_1_277' title='bbox 87 3415 263 3495; x_wconf 85' lang='lat' dir='ltr'>apotheosis</span> <span class='ocrx_word' id='word_1_278' title='bbox 275 3414 293 3474; x_wconf 82' lang='lat' dir='ltr'>a</span> <span class='ocrx_word' id='word_1_279' title='bbox 307 3412 386 3474; x_wconf 88' lang='lat' dir='ltr'>Jove</span> <span class='ocrx_word' id='word_1_280' title='bbox 399 3412 550 3494; x_wconf 87' lang='lat' dir='ltr'>promissa</span> <span class='ocrx_word' id='word_1_281' title='bbox 562 3426 606 3472; x_wconf 86' lang='lat' dir='ltr'>est</span> <span class='ocrx_word' id='word_1_282' title='bbox 627 3411 680 3474; x_wconf 89' lang='lat' dir='ltr'>lib.</span> <span class='ocrx_word' id='word_1_283' title='bbox 700 3419 727 3475; x_wconf 88' lang='lat' dir='ltr'>l.</span> <span class='ocrx_word' id='word_1_284' title='bbox 747 3419 820 3476; x_wconf 75' lang='lat'><strong>263.</strong></span> <span class='ocrx_word' id='word_1_285' title='bbox 865 3413 958 3476; x_wconf 85' lang='lat' dir='ltr'>Feres</span> <span class='ocrx_word' id='word_1_286' title='bbox 974 3414 1015 3476; x_wconf 85' lang='lat' dir='ltr'>ud</span> <span class='ocrx_word' id='word_1_287' title='bbox 1029 3414 1129 3475; x_wconf 83' lang='lat' dir='ltr'>sidera</span> <span class='ocrx_word' id='word_1_288' title='bbox 1145 3413 1209 3476; x_wconf 80' lang='lat' dir='ltr'>coli</span> <span class='ocrx_word' id='word_1_289' title='bbox 1222 3413 1322 3498; x_wconf 89' lang='lat' dir='ltr'>Mug-</span> 
     </span>
     <span class='ocr_line' id='line_1_34' title="bbox 86 3495 1321 3583; baseline 0.002 -25"><span class='ocrx_word' id='word_1_290' title='bbox 86 3498 239 3559; x_wconf 80' lang='lat' dir='ltr'>aaaimum</span> <span class='ocrx_word' id='word_1_291' title='bbox 268 3500 405 3561; x_wconf 75' lang='lat' dir='ltr'>AEneum.</span> <span class='ocrx_word' id='word_1_292' title='bbox 450 3495 533 3557; x_wconf 88' lang='lat' dir='ltr'>Tum</span> <span class='ocrx_word' id='word_1_293' title='bbox 567 3498 780 3561; x_wconf 83' lang='lat' dir='ltr'>confirmatal.</span> <span class='ocrx_word' id='word_1_294' title='bbox 804 3504 851 3561; x_wconf 82' lang='lat'>12.</span> <span class='ocrx_word' id='word_1_295' title='bbox 869 3505 941 3562; x_wconf 83' lang='lat'>794.</span> <span class='ocrx_word' id='word_1_296' title='bbox 993 3498 1158 3583; x_wconf 81' lang='lat' dir='ltr'>Indigetem</span> <span class='ocrx_word' id='word_1_297' title='bbox 1193 3501 1321 3562; x_wconf 80' lang='lat' dir='ltr'>AEaeom</span> 
     </span>
     <span class='ocr_line' id='line_1_35' title="bbox 86 3580 1321 3666; baseline 0.002 -23"><span class='ocrx_word' id='word_1_298' title='bbox 86 3581 145 3644; x_wconf 79' lang='lat' dir='ltr'>scis</span> <span class='ocrx_word' id='word_1_299' title='bbox 157 3583 234 3666; x_wconf 63' lang='lat' dir='ltr'>ipim</span> <span class='ocrx_word' id='word_1_300' title='bbox 251 3594 278 3643; x_wconf 84' lang='lat' dir='ltr'>et</span> <span class='ocrx_word' id='word_1_301' title='bbox 297 3581 501 3664; x_wconf 77' lang='lat' dir='ltr'>sciresuteris,</span> <span class='ocrx_word' id='word_1_302' title='bbox 528 3580 643 3642; x_wconf 83' lang='lat' dir='ltr'>Deberi</span> <span class='ocrx_word' id='word_1_303' title='bbox 659 3582 740 3645; x_wconf 86' lang='lat' dir='ltr'>coelo.</span> <span class='ocrx_word' id='word_1_304' title='bbox 784 3582 853 3645; x_wconf 83' lang='lat' dir='ltr'>Jarn</span> <span class='ocrx_word' id='word_1_305' title='bbox 877 3584 1010 3645; x_wconf 86' lang='lat' dir='ltr'>Lavinia</span> <span class='ocrx_word' id='word_1_306' title='bbox 1032 3606 1221 3666; x_wconf 80' lang='lat' dir='ltr'>regnumque</span> <span class='ocrx_word' id='word_1_307' title='bbox 1237 3583 1321 3646; x_wconf 87' lang='lat' dir='ltr'>Latii</span> 
     </span>
     <span class='ocr_line' id='line_1_36' title="bbox 88 3666 1321 3749; baseline 0.003 -22"><span class='ocrx_word' id='word_1_308' title='bbox 88 3666 228 3729; x_wconf 82' lang='lat' dir='ltr'>&#39;aTurno</span> <span class='ocrx_word' id='word_1_309' title='bbox 239 3669 387 3728; x_wconf 90' lang='lat' dir='ltr'>moriente</span> <span class='ocrx_word' id='word_1_310' title='bbox 403 3668 509 3730; x_wconf 80' lang='lat' dir='ltr'>AEncae</span> <span class='ocrx_word' id='word_1_311' title='bbox 526 3667 708 3749; x_wconf 87' lang='lat' dir='ltr'>permittitur</span> <span class='ocrx_word' id='word_1_312' title='bbox 721 3668 740 3729; x_wconf 90' lang='lat' dir='ltr'>l.</span> <span class='ocrx_word' id='word_1_313' title='bbox 759 3672 807 3730; x_wconf 76' lang='lat'>12.</span> <span class='ocrx_word' id='word_1_314' title='bbox 825 3674 896 3730; x_wconf 80' lang='lat'><strong>937.</strong></span> <span class='ocrx_word' id='word_1_315' title='bbox 946 3668 1016 3730; x_wconf 85' lang='lat' dir='ltr'>Tuo</span> <span class='ocrx_word' id='word_1_316' title='bbox 1039 3680 1079 3730; x_wconf 85' lang='lat' dir='ltr'>est</span> <span class='ocrx_word' id='word_1_317' title='bbox 1099 3667 1235 3731; x_wconf 82' lang='lat' dir='ltr'>Lauinia</span> <span class='ocrx_word' id='word_1_318' title='bbox 1251 3691 1321 3733; x_wconf 85' lang='lat' dir='ltr'>coa-</span> 
     </span>
     <span class='ocr_line' id='line_1_37' title="bbox 86 3751 1321 3838; baseline 0.003 -26"><span class='ocrx_word' id='word_1_319' title='bbox 86 3751 149 3821; x_wconf 80' lang='lat' dir='ltr'>iur.</span> <span class='ocrx_word' id='word_1_320' title='bbox 194 3752 330 3828; x_wconf 75' lang='lat' dir='ltr'>Caetera,</span> <span class='ocrx_word' id='word_1_321' title='bbox 346 3773 416 3833; x_wconf 68' lang='lat' dir='ltr'>quae</span> <span class='ocrx_word' id='word_1_322' title='bbox 432 3752 471 3812; x_wconf 89' lang='lat' dir='ltr'>ad</span> <span class='ocrx_word' id='word_1_323' title='bbox 485 3772 628 3834; x_wconf 85' lang='lat' dir='ltr'>pompam</span> <span class='ocrx_word' id='word_1_324' title='bbox 645 3753 817 3835; x_wconf 85' lang='lat' dir='ltr'>luctumque</span> <span class='ocrx_word' id='word_1_325' title='bbox 840 3755 1000 3838; x_wconf 88' lang='lat' dir='ltr'>pertinent,</span> <span class='ocrx_word' id='word_1_326' title='bbox 1017 3754 1130 3835; x_wconf 79' lang='lat' dir='ltr'>frigida</span> <span class='ocrx_word' id='word_1_327' title='bbox 1156 3776 1192 3815; x_wconf 87' lang='lat' dir='ltr'>ac</span> <span class='ocrx_word' id='word_1_328' title='bbox 1218 3755 1321 3838; x_wconf 88' lang='lat' dir='ltr'>pueri·</span> 
     </span>
     <span class='ocr_line' id='line_1_38' title="bbox 88 3835 576 3913; baseline 0.002 -17"><span class='ocrx_word' id='word_1_329' title='bbox 88 3835 140 3913; x_wconf 82' lang='lat' dir='ltr'>lia,</span> <span class='ocrx_word' id='word_1_330' title='bbox 155 3838 240 3899; x_wconf 77' lang='lat' dir='ltr'>certe</span> <span class='ocrx_word' id='word_1_331' title='bbox 256 3837 382 3898; x_wconf 75' lang='lat' dir='ltr'>minime</span> <span class='ocrx_word' id='word_1_332' title='bbox 396 3837 576 3897; x_wconf 84' lang='lat' dir='ltr'>necessario.</span> 
     </span>
    </p>

    <p class='ocr_par' dir='ltr' id='par_1_13' title="bbox 85 3921 1320 4941">
     <span class='ocr_line' id='line_1_39' title="bbox 126 3921 1320 4008; baseline 0.003 -24"><span class='ocrx_word' id='word_1_333' title='bbox 126 3921 380 4008; x_wconf 71' lang='lat' dir='ltr'>Magnitudinem</span> <span class='ocrx_word' id='word_1_334' title='bbox 394 3922 484 3983; x_wconf 88' lang='lat' dir='ltr'>hahet</span> <span class='ocrx_word' id='word_1_335' title='bbox 498 3932 605 3983; x_wconf 67' lang='lat' dir='ltr'>cetum</span> <span class='ocrx_word' id='word_1_336' title='bbox 621 3924 781 4004; x_wconf 85' lang='lat' dir='ltr'>acjnstam</span> <span class='ocrx_word' id='word_1_337' title='bbox 796 3947 804 3986; x_wconf 91' lang='lat'>:</span> <span class='ocrx_word' id='word_1_338' title='bbox 828 3925 901 3988; x_wconf 75' lang='lat' dir='ltr'>licet</span> <span class='ocrx_word' id='word_1_339' title='bbox 916 3927 995 3987; x_wconf 89' lang='lat' dir='ltr'>enim</span> <span class='ocrx_word' id='word_1_340' title='bbox 1010 3940 1081 3987; x_wconf 92' lang='lat' dir='ltr'>octo</span> <span class='ocrx_word' id='word_1_341' title='bbox 1096 3926 1217 3987; x_wconf 91' lang='lat' dir='ltr'>circiter</span> <span class='ocrx_word' id='word_1_342' title='bbox 1232 3925 1320 3988; x_wconf 83' lang='lat' dir='ltr'>anuis</span> 
     </span>
     <span class='ocr_line' id='line_1_40' title="bbox 87 4006 1320 4095; baseline 0.005 -28"><span class='ocrx_word' id='word_1_343' title='bbox 87 4006 210 4070; x_wconf 76' lang='lat' dir='ltr'>ducisse</span> <span class='ocrx_word' id='word_1_344' title='bbox 226 4008 308 4068; x_wconf 89' lang='lat' dir='ltr'>actio</span> <span class='ocrx_word' id='word_1_345' title='bbox 324 4021 388 4068; x_wconf 88' lang='lat' dir='ltr'>tota</span> <span class='ocrx_word' id='word_1_346' title='bbox 403 4008 544 4085; x_wconf 82' lang='lat' dir='ltr'>dic&#39;atur3</span> <span class='ocrx_word' id='word_1_347' title='bbox 568 4029 660 4067; x_wconf 90' lang='lat' dir='ltr'>unum</span> <span class='ocrx_word' id='word_1_348' title='bbox 677 4021 781 4087; x_wconf 71' lang='lat' dir='ltr'>tamen=</span> <span class='ocrx_word' id='word_1_349' title='bbox 792 4032 829 4071; x_wconf 88' lang='lat' dir='ltr'>ex</span> <span class='ocrx_word' id='word_1_350' title='bbox 851 4012 897 4088; x_wconf 90' lang='lat' dir='ltr'>iis,</span> <span class='ocrx_word' id='word_1_351' title='bbox 914 4032 1044 4091; x_wconf 86' lang='lat' dir='ltr'>eumque</span> <span class='ocrx_word' id='word_1_352' title='bbox 1059 4010 1209 4086; x_wconf 90' lang='lat' dir='ltr'>ultimum,</span> <span class='ocrx_word' id='word_1_353' title='bbox 1226 4014 1320 4095; x_wconf 87' lang='lat' dir='ltr'>po&#39;e&#39;ta</span> 
     </span>
     <span class='ocr_line' id='line_1_41' title="bbox 86 4090 1318 4177; baseline 0.006 -25"><span class='ocrx_word' id='word_1_354' title='bbox 86 4093 318 4177; x_wconf 87' lang='lat' dir='ltr'>complectitur:</span> <span class='ocrx_word' id='word_1_355' title='bbox 343 4091 548 4175; x_wconf 74' lang='lat' dir='ltr'>superioribus</span> <span class='ocrx_word' id='word_1_356' title='bbox 560 4093 684 4173; x_wconf 87' lang='lat' dir='ltr'>reliquis</span> <span class='ocrx_word' id='word_1_357' title='bbox 700 4093 730 4154; x_wconf 88' lang='lat' dir='ltr'>in</span> <span class='ocrx_word' id='word_1_358' title='bbox 744 4090 931 4177; x_wconf 70' lang='lat' dir='ltr'>episosllcam</span> <span class='ocrx_word' id='word_1_359' title='bbox 948 4097 1054 4159; x_wconf 80' lang='lat' dir='ltr'>AEueae</span> <span class='ocrx_word' id='word_1_360' title='bbox 1074 4117 1177 4156; x_wconf 89' lang='lat' dir='ltr'>coram</span> <span class='ocrx_word' id='word_1_361' title='bbox 1194 4094 1318 4159; x_wconf 78' lang='lat' dir='ltr'>Didone</span> 
     </span>
     <span class='ocr_line' id='line_1_42' title="bbox 87 4175 1318 4260; baseline 0.003 -21"><span class='ocrx_word' id='word_1_362' title='bbox 87 4179 292 4239; x_wconf 70' lang='lat' dir='ltr'>narrationem</span> <span class='ocrx_word' id='word_1_363' title='bbox 308 4176 446 4238; x_wconf 78' lang='lat' dir='ltr'>redactis.</span> <span class='ocrx_word' id='word_1_364' title='bbox 490 4175 693 4238; x_wconf 81' lang='lat' dir='ltr'>hlanrbrunus</span> <span class='ocrx_word' id='word_1_365' title='bbox 704 4180 825 4260; x_wconf 90' lang='lat' dir='ltr'>quidem</span> <span class='ocrx_word' id='word_1_366' title='bbox 841 4181 990 4241; x_wconf 87' lang='lat' dir='ltr'>sexdecim</span> <span class='ocrx_word' id='word_1_367' title='bbox 1005 4202 1122 4242; x_wconf 84' lang='lat' dir='ltr'>menses</span> <span class='ocrx_word' id='word_1_368' title='bbox 1135 4183 1255 4244; x_wconf 82' lang='lat' dir='ltr'>AEneidi</span> <span class='ocrx_word' id='word_1_369' title='bbox 1273 4196 1318 4243; x_wconf 92' lang='lat' dir='ltr'>at·</span> 
     </span>
     <span class='ocr_line' id='line_1_43' title="bbox 85 4258 1317 4346; baseline 0.003 -23"><span class='ocrx_word' id='word_1_370' title='bbox 85 4258 200 4339; x_wconf 74' lang='lat' dir='ltr'>m&#39;buit,</span> <span class='ocrx_word' id='word_1_371' title='bbox 218 4285 256 4323; x_wconf 91' lang='lat' dir='ltr'>eo</span> <span class='ocrx_word' id='word_1_372' title='bbox 269 4263 428 4340; x_wconf 84' lang='lat' dir='ltr'>adductus,</span> <span class='ocrx_word' id='word_1_373' title='bbox 445 4263 527 4345; x_wconf 75' lang='lat' dir='ltr'>quud</span> <span class='ocrx_word' id='word_1_374' title='bbox 551 4263 709 4341; x_wconf 79' lang='lat' dir='ltr'>Anchises,</span> <span class='ocrx_word' id='word_1_375' title='bbox 727 4278 760 4325; x_wconf 94' lang='lat' dir='ltr'>ut</span> <span class='ocrx_word' id='word_1_376' title='bbox 772 4286 808 4325; x_wconf 81' lang='lat' dir='ltr'>ex</span> <span class='ocrx_word' id='word_1_377' title='bbox 826 4265 845 4324; x_wconf 94' lang='lat' dir='ltr'>l.</span> <span class='ocrx_word' id='word_1_378' title='bbox 861 4265 1053 4346; x_wconf 68' lang='lat' dir='ltr'>aliquidem</span> <span class='ocrx_word' id='word_1_379' title='bbox 1069 4281 1123 4342; x_wconf 89' lang='lat' dir='ltr'>est,</span> <span class='ocrx_word' id='word_1_380' title='bbox 1149 4267 1259 4327; x_wconf 86' lang='lat' dir='ltr'>obierit</span> <span class='ocrx_word' id='word_1_381' title='bbox 1286 4269 1317 4328; x_wconf 90' lang='lat' dir='ltr'>in</span> 
     </span>
     <span class='ocr_line' id='line_1_44' title="bbox 86 4343 1317 4433; baseline 0.006 -27"><span class='ocrx_word' id='word_1_382' title='bbox 86 4343 194 4409; x_wconf 76' lang='lat' dir='ltr'>Sicilid</span> <span class='ocrx_word' id='word_1_383' title='bbox 207 4370 302 4408; x_wconf 88' lang='lat' dir='ltr'>verno</span> <span class='ocrx_word' id='word_1_384' title='bbox 317 4363 461 4429; x_wconf 86' lang='lat' dir='ltr'>tempore.</span> <span class='ocrx_word' id='word_1_385' title='bbox 505 4345 597 4409; x_wconf 86' lang='lat' dir='ltr'>Unde</span> <span class='ocrx_word' id='word_1_386' title='bbox 613 4349 655 4408; x_wconf 91' lang='lat' dir='ltr'>sic</span> <span class='ocrx_word' id='word_1_387' title='bbox 668 4349 808 4429; x_wconf 78' lang='lat' dir='ltr'>colligit:</span> <span class='ocrx_word' id='word_1_388' title='bbox 834 4352 959 4412; x_wconf 81' lang='lat' dir='ltr'>AEneam</span> <span class='ocrx_word' id='word_1_389' title='bbox 972 4372 1033 4412; x_wconf 90' lang='lat' dir='ltr'>non</span> <span class='ocrx_word' id='word_1_390' title='bbox 1050 4352 1144 4413; x_wconf 82' lang='lat' dir='ltr'>multo</span> <span class='ocrx_word' id='word_1_391' title='bbox 1157 4351 1235 4433; x_wconf 74' lang='lat' dir='ltr'>pust,</span> <span class='ocrx_word' id='word_1_392' title='bbox 1249 4374 1317 4413; x_wconf 89' lang='lat' dir='ltr'>ver·</span> 
     </span>
     <span class='ocr_line' id='line_1_45' title="bbox 86 4431 1316 4519; baseline 0.004 -27"><span class='ocrx_word' id='word_1_393' title='bbox 86 4451 126 4493; x_wconf 92' lang='lat' dir='ltr'>no</span> <span class='ocrx_word' id='word_1_394' title='bbox 137 4433 209 4495; x_wconf 90' lang='lat' dir='ltr'>item</span> <span class='ocrx_word' id='word_1_395' title='bbox 227 4448 373 4516; x_wconf 88' lang='lat' dir='ltr'>tempore,</span> <span class='ocrx_word' id='word_1_396' title='bbox 391 4433 460 4493; x_wconf 89' lang='lat' dir='ltr'>inde</span> <span class='ocrx_word' id='word_1_397' title='bbox 471 4431 606 4510; x_wconf 86' lang='lat' dir='ltr'>solvisse,</span> <span class='ocrx_word' id='word_1_398' title='bbox 623 4433 692 4495; x_wconf 86' lang='lat' dir='ltr'>chm</span> <span class='ocrx_word' id='word_1_399' title='bbox 720 4433 751 4494; x_wconf 90' lang='lat' dir='ltr'>in</span> <span class='ocrx_word' id='word_1_400' title='bbox 774 4435 909 4496; x_wconf 76' lang='lat' dir='ltr'>Africam</span> <span class='ocrx_word' id='word_1_401' title='bbox 933 4449 1109 4519; x_wconf 87' lang='lat' dir='ltr'>tempestate</span> <span class='ocrx_word' id='word_1_402' title='bbox 1124 4438 1237 4518; x_wconf 86' lang='lat' dir='ltr'>ejectus</span> <span class='ocrx_word' id='word_1_403' title='bbox 1253 4452 1316 4513; x_wconf 73' lang='lat' dir='ltr'>est:</span> 
     </span>
     <span class='ocr_line' id='line_1_46' title="bbox 85 4516 1314 4599; baseline 0.002 -21"><span class='ocrx_word' id='word_1_404' title='bbox 85 4518 157 4598; x_wconf 84' lang='lat' dir='ltr'>quid</span> <span class='ocrx_word' id='word_1_405' title='bbox 172 4520 254 4580; x_wconf 90' lang='lat' dir='ltr'>enim</span> <span class='ocrx_word' id='word_1_406' title='bbox 268 4539 347 4593; x_wconf 89' lang='lat' dir='ltr'>eum,</span> <span class='ocrx_word' id='word_1_407' title='bbox 361 4532 482 4578; x_wconf 89' lang='lat' dir='ltr'>mortuo</span> <span class='ocrx_word' id='word_1_408' title='bbox 494 4531 590 4599; x_wconf 89' lang='lat' dir='ltr'>patre,</span> <span class='ocrx_word' id='word_1_409' title='bbox 606 4517 673 4579; x_wconf 68' lang='lat' dir='ltr'>sartis</span> <span class='ocrx_word' id='word_1_410' title='bbox 690 4519 719 4579; x_wconf 91' lang='lat' dir='ltr'>in</span> <span class='ocrx_word' id='word_1_411' title='bbox 740 4516 862 4580; x_wconf 88' lang='lat' dir='ltr'>Italiam</span> <span class='ocrx_word' id='word_1_412' title='bbox 878 4522 1068 4599; x_wconf 76' lang='lat' dir='ltr'>vocantibuS,</span> <span class='ocrx_word' id='word_1_413' title='bbox 1092 4521 1205 4584; x_wconf 82' lang='lat' dir='ltr'>diutius</span> <span class='ocrx_word' id='word_1_414' title='bbox 1219 4523 1249 4582; x_wconf 96' lang='lat' dir='ltr'>in</span> <span class='ocrx_word' id='word_1_415' title='bbox 1266 4521 1314 4581; x_wconf 91' lang='lat' dir='ltr'>Si·</span> 
     </span>
     <span class='ocr_line' id='line_1_47' title="bbox 86 4602 1315 4688; baseline 0.002 -26"><span class='ocrx_word' id='word_1_416' title='bbox 86 4603 154 4665; x_wconf 78' lang='lat' dir='ltr'>cilii</span> <span class='ocrx_word' id='word_1_417' title='bbox 167 4602 339 4665; x_wconf 84' lang='lat' dir='ltr'>tenuisset?</span> <span class='ocrx_word' id='word_1_418' title='bbox 364 4617 427 4661; x_wconf 86' lang='lat' dir='ltr'>tum</span> <span class='ocrx_word' id='word_1_419' title='bbox 444 4602 531 4663; x_wconf 85' lang='lat' dir='ltr'>addit</span> <span class='ocrx_word' id='word_1_420' title='bbox 540 4603 669 4665; x_wconf 84' lang='lat' dir='ltr'>eundem</span> <span class='ocrx_word' id='word_1_421' title='bbox 683 4604 712 4665; x_wconf 93' lang='lat' dir='ltr'>in</span> <span class='ocrx_word' id='word_1_422' title='bbox 731 4604 837 4664; x_wconf 80' lang='lat' dir='ltr'>Africis</span> <span class='ocrx_word' id='word_1_423' title='bbox 852 4618 946 4666; x_wconf 89' lang='lat' dir='ltr'>totam</span> <span class='ocrx_word' id='word_1_424' title='bbox 969 4607 1118 4688; x_wconf 79' lang='lat' dir='ltr'>hyemem,</span> <span class='ocrx_word' id='word_1_425' title='bbox 1133 4621 1223 4687; x_wconf 89' lang='lat' dir='ltr'>atque</span> <span class='ocrx_word' id='word_1_426' title='bbox 1238 4604 1315 4667; x_wconf 76' lang='lat' dir='ltr'>adei)</span> 
     </span>
     <span class='ocr_line' id='line_1_48' title="bbox 87 4686 1317 4767; baseline 0.001 -20"><span class='ocrx_word' id='word_1_427' title='bbox 87 4706 195 4749; x_wconf 87' lang='lat' dir='ltr'>annum</span> <span class='ocrx_word' id='word_1_428' title='bbox 210 4689 274 4750; x_wconf 80' lang='lat' dir='ltr'>sere</span> <span class='ocrx_word' id='word_1_429' title='bbox 291 4686 478 4763; x_wconf 80' lang='lat' dir='ltr'>traduxisse3</span> <span class='ocrx_word' id='word_1_430' title='bbox 500 4686 648 4767; x_wconf 87' lang='lat' dir='ltr'>siquidem</span> <span class='ocrx_word' id='word_1_431' title='bbox 672 4689 742 4750; x_wconf 91' lang='lat' dir='ltr'>iude</span> <span class='ocrx_word' id='word_1_432' title='bbox 758 4689 866 4750; x_wconf 86' lang='lat' dir='ltr'>iterum</span> <span class='ocrx_word' id='word_1_433' title='bbox 891 4691 921 4752; x_wconf 92' lang='lat' dir='ltr'>in</span> <span class='ocrx_word' id='word_1_434' title='bbox 947 4691 1085 4753; x_wconf 86' lang='lat' dir='ltr'>Siciliam</span> <span class='ocrx_word' id='word_1_435' title='bbox 1110 4694 1231 4753; x_wconf 89' lang='lat' dir='ltr'>ineunte</span> <span class='ocrx_word' id='word_1_436' title='bbox 1246 4709 1317 4749; x_wconf 88' lang='lat' dir='ltr'>vere</span> 
     </span>
     <span class='ocr_line' id='line_1_49' title="bbox 86 4770 1316 4858; baseline 0.002 -27"><span class='ocrx_word' id='word_1_437' title='bbox 86 4772 250 4853; x_wconf 87' lang='lat' dir='ltr'>trajiciens,</span> <span class='ocrx_word' id='word_1_438' title='bbox 267 4770 493 4834; x_wconf 85' lang='lat' dir='ltr'>anniversarios</span> <span class='ocrx_word' id='word_1_439' title='bbox 508 4772 587 4852; x_wconf 86' lang='lat' dir='ltr'>patri</span> <span class='ocrx_word' id='word_1_440' title='bbox 603 4772 692 4834; x_wconf 87' lang='lat' dir='ltr'>ludos</span> <span class='ocrx_word' id='word_1_441' title='bbox 713 4774 899 4836; x_wconf 87' lang='lat' dir='ltr'>celebravit:</span> <span class='ocrx_word' id='word_1_442' title='bbox 916 4775 1040 4858; x_wconf 84' lang='lat' dir='ltr'>reliquis</span> <span class='ocrx_word' id='word_1_443' title='bbox 1056 4790 1155 4838; x_wconf 90' lang='lat' dir='ltr'>autem</span> <span class='ocrx_word' id='word_1_444' title='bbox 1173 4776 1202 4835; x_wconf 92' lang='lat' dir='ltr'>in</span> <span class='ocrx_word' id='word_1_445' title='bbox 1225 4772 1316 4834; x_wconf 74' lang='lat' dir='ltr'>ltalia</span> 
     </span>
     <span class='ocr_line' id='line_1_50' title="bbox 86 4855 1316 4941; baseline 0.002 -23"><span class='ocrx_word' id='word_1_446' title='bbox 86 4858 235 4938; x_wconf 73' lang='lat' dir='ltr'>preclare</span> <span class='ocrx_word' id='word_1_447' title='bbox 251 4859 344 4941; x_wconf 85' lang='lat' dir='ltr'>gestis</span> <span class='ocrx_word' id='word_1_448' title='bbox 360 4875 479 4918; x_wconf 86' lang='lat' dir='ltr'>menses</span> <span class='ocrx_word' id='word_1_449' title='bbox 494 4855 793 4939; x_wconf 71' lang='lat' dir='ltr'>minimumquatuor</span> <span class='ocrx_word' id='word_1_450' title='bbox 808 4882 872 4923; x_wconf 89' lang='lat' dir='ltr'>esse</span> <span class='ocrx_word' id='word_1_451' title='bbox 880 4860 1067 4925; x_wconf 88' lang='lat' dir='ltr'>tribuendos.</span> <span class='ocrx_word' id='word_1_452' title='bbox 1102 4862 1227 4940; x_wconf 78' lang='lat' dir='ltr'>Pugnat</span> <span class='ocrx_word' id='word_1_453' title='bbox 1241 4880 1316 4921; x_wconf 67' lang='lat' dir='ltr'>crin·</span> 
     </span>
    </p>
   </div>
   <div class='ocr_carea' id='block_1_8' title="bbox 0 0 1426 5286">
    <p class='ocr_par' dir='ltr' id='par_1_14' title="bbox 0 0 1426 5286">
     <span class='ocr_line' id='line_1_51' title="bbox 0 0 1426 5286; baseline 0 1"><span class='ocrx_word' id='word_1_454' title='bbox 0 0 1426 5286; x_wconf 95' lang='lat' dir='ltr'> </span> 
     </span>
    </p>
   </div>
  </div>
 </body>
</html>
