2842 5286
92 556 155 619 ooo
492 552 522 620 τ
553 498 968 652 ninomrrnnnoms

92 717 256 765 ostendentem
271 716 354 776 pragu
365 728 442 776 areop
452 698 596 765 Crudelis
605 703 669 766 nati
682 717 899 768 monstrantem
910 704 1036 769 mdnera
1048 707 1155 787 cernit,
1262 712 1323 775 440

92 776 149 894 22¹,
159 777 442 899 {ffifflffi‘ffi}
450 784 673 870 Evadnenque,
687 804 716 851 et
731 788 922 873 Pasipha'e'n.
952 789 1011 853 His
1023 789 1201 855 Laodamia
1226 792 1323 880 [neue

92 901 141 947 mm
155 903 221 947 socie
238 910 274 948 „t
292 902 402 957 uterum
419 870 480 947 e,lt
494 893 616 952 comes3
639 887 678 951 et,
684 875 810 956 juvenis
823 875 990 957 quondam,
1003 897 1084 959 nunc
1098 874 1239 957 foeruina,
1255 878 1325 943 Cae·

92 962 193 1009 emen·
205 963 261 1009 olim
272 964 377 1025 juvente,
393 978 442 1009 mo
450 956 570 1019 Rureirs
580 973 609 1020 et
620 960 650 1020 in
663 973 795 1021 veterem
805 960 869 1021 fato
881 961 1020 1023 revoluta
1034 963 1179 1044 figuram.

91 1024 442 1145 ffl‘fflmli‘fflffsossnffi
451 1041 534 1104 lnter
549 1065 624 1125 quas
637 1044 801 1106 Pboenissa
815 1065 921 1107 recens
937 1046 956 1107 a
969 1047 1095 1109 vulnere
1109 1045 1197 1110 Dido
1263 1053 1323 1112 tou

87 1151 221 1211 perrarum.
238 1150 367 1208 interque:
375 1150 441 1197 pn&
449 1126 587 1191 Errabat
599 1129 687 1211 sylvi
702 1130 733 1191 in
749 1130 882 1211 magnei:
906 1152 998 1212 qnam
1010 1130 1126 1195 Troius
1142 1132 1235 1196 beroa

90 1210 442 1335 fffflfflsssspssffi
451 1211 495 1273 Ut
509 1214 739 1296 primhmjunta
751 1215 842 1291 stetit,
856 1215 1044 1297 agnovitque
1059 1238 1114 1300 per
1127 1219 1271 1283 umbram

90 1342 130 1380 m„
147 1336 170 1380 in
189 1350 276 1396 magno
292 1350 394 1381 nemore.
412 1297 643 1381 UObscuram:
667 1299 788 1381 qualem
801 1300 901 1384 primo
916 1300 968 1383 qui
979 1322 1105 1383 surgere
1117 1323 1224 1366 menae

90 1396 193 1455 primum
222 1397 341 1458 ‘trojanus
372 1399 441 1443 neme
450 1383 514 1443 Aut
527 1384 612 1446 videt
626 1399 679 1446 ant
692 1384 806 1446 vidisse
824 1398 911 1469 putat
923 1406 978 1468 per
993 1386 1099 1449 nubila
1113 1387 1221 1451 lunam
1236 1411 1245 1451 r

89 1460 155 1567 ffl
166 1452 442 1568 l'oe'ffffssfffgffiff
451 1467 584 1530 Demisit
599 1470 762 1552 lacrymas,
775 1470 919 1552 dulcique
931 1471 1042 1533 affatus
1051 1494 1158 1535 amore
1171 1488 1220 1537 eat
1233 1495 1242 1536 ε
1263 1478 1323 1537 456

89 1555 441 1643 queremariqunvidetautpus
451 1552 561 1615 Infelix
571 1554 679 1616 Dido:
702 1575 791 1617 verus
807 1555 881 1616 mibi
895 1556 1017 1617 nuntius
1032 1577 1109 1640 ergo

89 1646 442 1692 tarvidisseluoamoririioter
453 1637 596 1716 Venerat,
613 1640 777 1702 extinctam
790 1639 930 1722 ferroque
945 1656 1081 1704 extrema
1099 1644 1264 1709 secutam?

88 1709 396 1831 ffiffiffi‘fflffi
403 1708 441 1816 :J
449 1722 580 1786 Funeris
594 1726 652 1786 beu
668 1724 723 1786 tibi
735 1745 829 1786 causa
841 1724 904 1788 sui!
927 1747 982 1808 per
997 1726 1098 1789 sidera
1101 1728 1188 1810 juro,

89 1832 218 1877 inaniore
229 1832 320 1877 locutu·
327 1840 377 1878 eu:
395 1833 440 1878 Mi·
449 1808 511 1871 Per
526 1830 664 1892 superos,
677 1810 743 1872 etsi
760 1831 822 1892 qua
836 1810 911 1872 fides
925 1811 1032 1873 tellure
1048 1814 1104 1874 sub
1120 1813 1183 1876 imt
1196 1826 1252 1892 eat,

89 1904 143 1945 Μ
154 1894 294 1952 bioorergo
304 1894 577 1972 verullura-lavitae,
593 1895 712 1976 regina,
728 1909 782 1957 tuo
796 1895 834 1957 de
850 1895 939 1957 litore
953 1898 1039 1959 cessi.
1260 1903 1325 1963 460

88 1956 215 2072 ffiussss,
224 1966 440 2077 Z‘gyssss‘ssfignffi
448 1980 510 2042 Sed
528 1981 670 2062 mejussa
684 1980 797 2057 Derim,
808 2001 879 2062 qum
890 2001 971 2044 nune
984 1982 1040 2043 hae
1061 1983 1106 2045 ire
1121 2005 1177 2066 per
1191 1986 1326 2063 umbrae,

88 2077 239 2140 arnmasoro.
252 2078 306 2125 neu
316 2086 320 2125 ε
332 2081 375 2126 nni
384 2097 439 2128 eoe-
448 2066 510 2128 Per
522 2065 592 2127 loca
605 2079 692 2127 senta
704 2066 763 2127 situ
779 2079 897 2147 cogunt
911 2081 1092 2169 noctemque
1107 2069 1306 2152 profundam,

87 2148 127 2249 {2}
136 2142 168 2186 nn
181 2142 269 2249 mgni·
285 2141 590 2235 Jurqoerulmperiis
605 2152 698 2232 egere
708 2152 792 2212 sinis:
815 2171 871 2213 nec
886 2152 1010 2214 credere
1026 2154 1121 2234 quivi,

128 2234 134 2258 ,
147 2218 188 2261 per
223 2219 272 2259 eoa,
284 2212 308 2250 et
323 2219 342 2251 ar
361 2207 407 2266 altq

87 2274 124 2311 ,η
135 2267 193 2311 fid„
212 2268 255 2311 mn
269 2265 333 2312 „m
345 2270 440 2325 pronun·
449 2236 542 2299 Hunc
556 2250 673 2297 tantum
684 2237 739 2299 tibi
753 2257 801 2297 me
813 2236 947 2305 diaeessu
957 2236 1036 2298 serre
1048 2238 1200 2303 dolorem.

87 2325 128 2383 di,
138 2329 201 2375 exivi
213 2330 295 2375 nolent
312 2328 326 2375 ὲ
337 2338 377 2375 tuo
389 2331 440 2377 mo
449 2320 531 2384 Siste
544 2322 686 2402 gradum,
695 2334 785 2403 teque
792 2335 917 2404 aspectu
930 2342 968 2383 ne
978 2323 1122 2385 subtrahe
1132 2337 1250 2388 nostro.
1262 2328 1327 2389 465

87 2390 441 2513 ssefirffil'uzqoefflcdoffldjn‘:
449 2407 549 2489 Quem
566 2405 669 2489 sugis?
691 2420 859 2468 extremum
876 2406 939 2468 lato
955 2407 1038 2489 qnod
1052 2420 1083 2470 te
1098 2409 1253 2492 alloquor,
1266 2410 1327 2474 boc

87 2529 151 2559 nune
170 2515 204 2560 ir,
219 2530 262 2575 per
278 2517 321 2561 h„
333 2519 437 2572 omnm,
445 2492 577 2554 Talibus
592 2492 708 2553 AEueas
724 2491 879 2553 ardentem
896 2505 925 2554 et
935 2506 1025 2553 torva
1037 2507 1171 2557 tuentem
1255 2495 1326 2583 [est

87 2589 131 2633 per
146 2578 198 2624 loca
209 2578 305 2623 horrida
323 2580 433 2636 aqualore
444 2586 468 2625 et
479 2579 588 2623 tenebraa
606 2577 744 2635 profundata,
756 2577 897 2634 expulerunt
910 2592 947 2623 me
959 2579 1100 2625 auctoritate
1117 2579 1167 2625 aui.¹
1195 2580 1248 2627 Nec
1260 2582 1326 2641 potui

86 2640 184 2684 credere
203 2654 240 2684 me
252 2639 294 2685 tibi
304 2640 431 2686 allaturum
443 2654 488 2687 erae
499 2648 590 2684 tautum
601 2638 707 2683 dolorem
719 2639 784 2684 abitu
800 2653 860 2685 meo.
888 2638 992 2685 Contine
1002 2654 1118 2699 manum,
1130 2651 1153 2688 et
1164 2656 1196 2688 ue
1208 2644 1327 2689 aubduen

86 2706 111 2746 te
119 2702 255 2758 conspectui
264 2715 325 2746 meo.
340 2703 416 2754 Quem
427 2701 507 2763 lugia?
522 2702 567 2746 hoc
578 2708 613 2745 eat
625 2701 836 2761 ultimumlentpua,
845 2715 892 2760 quo
903 2710 982 2747 tecum
994 2702 1077 2761 loquor
1084 2717 1129 2765 per
1136 2704 1221 2751 fatum.
1237 2705 1327 2751 AEueaa

89 2764 206 2807 mulcebat
218 2764 295 2808 verbio
302 2765 388 2809 talibus
399 2765 505 2810 animum
512 2764 577 2809 irata
588 2770 611 2809 et
620 2760 704 2821 aaperd
711 2763 830 2819 intuentia,

654 3015 758 3064 NOTAE.

86 3204 198 3251 frutices:
220 3204 303 3263 quibua
322 3206 456 3261 commotio,
474 3204 594 3263 Cephalon
615 3205 689 3251 leram
751 3204 805 3249 448.
824 3202 939 3264 Caeaeua]
960 3204 1045 3261 Gonia,
1056 3205 1120 3251 Elati
1140 3206 1251 3266 Lapithoe
1270 3208 1326 3263 lilia,

86 3279 152 3315 ratur
163 3281 223 3323 esre,
229 3266 313 3326 jaculo
324 3283 378 3314 eam
387 3268 495 3314 incautua
503 3267 597 3313 occidit.
621 3268 689 3314 Ovio.
720 3266 863 3324 dNeptuno
883 3266 906 3311 in
925 3268 1000 3325 atupri
1020 3270 1153 3314 mercedem
1172 3272 1284 3325 obtinuit,
1300 3278 1327 3316 ut

86 3328 185 3377 Metam.
197 3344 218 3374 r.
720 3336 852 3375 mutaretur
870 3329 895 3374 in
915 3328 990 3375 virum
1010 3341 1034 3375 et
1047 3322 1119 3376 'ferro
1139 3332 1260 3378 vulnerari
1279 3347 1325 3378 uon

120 3391 266 3452 Eriphylam]
285 3392 430 3450 Amphiarai,
446 3392 507 3437 antia
530 3392 687 3451 Argivi,uxo·
718 3400 806 3449 poaaet.
834 3392 893 3437 lade
912 3399 1004 3437 tantam
1023 3392 1045 3437 in
1065 3394 1325 3450 auperhiam,acDeo-

85 3467 143 3500 rem.
162 3454 244 3500 luerim
254 3455 357 3500 sciretne
366 3454 481 3500 Thtbauo
492 3452 604 3499 adverada
616 3454 686 3499 Eteo·
719 3469 770 3499 rum
786 3462 951 3512 contemptum
962 3456 1085 3511 processit,
1103 3464 1128 3499 ut
1143 3456 1238 3502 bartam
1258 3470 1324 3502 auara

85 3517 146 3563 clem
156 3516 217 3561 bello
226 3517 363 3575 periturum,
371 3517 445 3561 latere
453 3516 581 3562 conatituit.
600 3515 646 3561 Sed
656 3517 686 3560 ab
718 3514 813 3562 adorari
836 3515 960 3562 iaerbditia
971 3517 1056 3561 vellet:
1074 3515 1127 3561 ideb
1141 3516 1216 3563 iratur
1231 3519 1325 3578 Jupiter

87 3581 190 3625 mirano
204 3579 344 3637 Argivorum
355 3593 419 3638 rege,
431 3579 467 3624 rel
473 3578 545 3638 juxta
554 3579 612 3623 aliua
621 3580 636 3624 ie
644 3578 687 3623 Po·
719 3585 865 3637 pugnantum
877 3592 931 3623 eum
943 3578 1055 3623 adverada
1067 3578 1201 3625 Centaurea
1212 3582 1323 3626 arborum

85 3641 163 3700 lynice
187 3641 281 3686 Adrasti
302 3640 516 3699 gcnero,Etooclin
538 3641 620 3693 fratre,
636 3655 688 3685 cor·
719 3641 871 3698 atipitunrque
881 3654 967 3685 acervo
975 3641 1078 3699 opprimi
1086 3641 1166 3686 voluit.
1184 3641 1280 3688 Dicitur
1290 3643 1322 3688 sa·

85 3716 155 3761 rupm
167 3703 233 3748 aurei
251 3704 343 3748 monilia
354 3704 418 3748 dono
436 3702 558 3761 Eriphyle,
576 3703 687 3749 maritum
720 3712 744 3747 to
755 3711 779 3747 et
795 3704 915 3747 voluntate
935 3702 1041 3748 Deorum
1060 3703 1091 3748 ad
1103 3704 1230 3760 pristinum
1242 3718 1323 3751 aarum

86 3767 204 3823 prodidit:
222 3766 261 3823 qui
283 3766 314 3810 ad
335 3766 421 3810 bellum
443 3772 540 3811 coactua
560 3765 684 3823 proticisci,
716 3772 770 3823 port
782 3773 883 3810 mortem
891 3764 1005 3817 rediiare;
1022 3773 1045 3809 ut
1058 3765 1091 3810 sic
1104 3764 1127 3810 in
1137 3779 1235 3823 poenam
1243 3766 1321 3825 impie·

84 3828 141 3873 dum
161 3830 252 3874 sortiter
263 3835 361 3888 pugnat,
373 3836 441 3874 terrae
459 3828 525 3872 biatu
542 3841 596 3872 cum
613 3841 684 3871 curru
716 3828 884 3886 tatiautroquc
906 3827 1009 3884 Neptuni
1029 3828 1092 3872 dono
1111 3828 1264 3884 apellaretur.
1288 3827 1322 3874 De

84 3890 182 3939 haustui
207 3900 250 3936 est.
278 3890 391 3950 Eriphyle
414 3906 443 3935 ex
469 3890 546 3935 mariti
570 3891 684 3933 mandato
716 3887 848 3944 Phaniam,
865 3888 970 3943 Sidonii,
979 3888 1060 3950 Tyrii,
1071 3889 1108 3934 [Ε.
1124 3889 1142 3934 l.
1158 3891 1213 3936 446.
1231 3888 1321 3937 Delli

85 3954 116 3997 ab
133 3953 267 3999 Alernaone
284 3954 332 4000 filio
348 3960 384 3998 eat
401 3953 532 3998 interfecta.
564 3952 600 3997 lta
616 3952 685 4008 pleri·
718 3951 1044 4004 doniavnrlnere,AE.·l.titi3.

85 4029 132 4072 que
149 4024 254 4069 narrant,
275 4016 314 4060 alii
338 4016 413 4060 aliter.
441 4013 501 4059 Cdm
521 4025 600 4059 autem
624 4014 685 4059 iuter
747 4015 801 4058 462.
820 4013 1018 4059 locoaentariln.
1057 4012 1275 4074 Sentiaeatrpiua:
1291 4014 1323 4062 aie

85 4087 192 4121 amantea
204 4078 217 4124 d
230 4077 327 4137 Virgilio
339 4087 464 4130 statuatur,
475 4090 570 4122 necoaae
582 4084 617 4121 eat
631 4090 683 4121 enm
716 4077 801 4129 dictur,
813 4076 869 4136 quia
881 4077 1055 4134 quamprimum
1067 4075 1081 4121 it
1092 4077 1247 4134 tangentibus
1253 4076 1322 4123 acati·

84 4152 132 4183 non
144 4140 194 4184 nolo
207 4141 299 4186 monilia
310 4142 382 4195 dono,
393 4141 434 4185 aed
453 4150 534 4196 stupro
545 4138 616 4185 suinae
634 4152 685 4183 cor·
716 4147 768 4185 tur:
779 4138 835 4184 hinc
847 4136 977 4191 marmorata,
986 4146 1010 4200 ct
1020 4142 1104 4191 cerritu,
1113 4152 1193 4195 asper,
1206 4138 1321 4185 horridae.

84 4209 180 4258 ruptam
717 4200 843 4247 Terentina
856 4201 879 4245 in
889 4199 998 4245 Eamuch.
1010 4210 1056 4245 act.
1068 4201 1083 4244 2
1100 4214 1133 4247 ac.
1142 4201 1165 4244 2.
1176 4216 1198 4246 r.
1209 4203 1234 4247 ὅ.
1254 4200 1322 4247 Vatiae

116 4263 169 4308 447.
186 4262 316 4323 Eudaem]
335 4263 420 4310 Martio
435 4264 515 4318 tiliam,
527 4277 624 4309 uxorem
640 4262 685 4307 Ca·
716 4268 815 4317 mortuam,
830 4260 972 4323 squalidum,
987 4276 1086 4321 egram,
1103 4262 1193 4323 panaria
1210 4263 1322 4325 amiqua

85 4325 155 4383 penei
169 4326 264 4385 Argivi:
281 4340 341 4385 qum,
352 4331 406 4372 enirn
423 4328 506 4371 eodem
519 4327 579 4370 bello
596 4326 686 4370 occiana
718 4326 823 4372 obulum.
852 4323 959 4370 Siltueat
970 4325 1054 4378 caries,
1073 4339 1164 4379 mucor,
1176 4326 1320 4385 aqualar,ea

85 4388 165 4432 suimet
186 4389 292 4442 moritus,
304 4399 328 4433 et
339 4389 398 4433 sunu
418 4387 469 4447 cjur
483 4389 651 4440 celebraretur,
663 4387 686 4432 iu
718 4390 817 4434 humore
832 4386 1142 4444 parierinmndhurercene.
1170 4386 1193 4433 A
1219 4392 1322 4447 aclupro

84 4448 136 4509 ejua
148 4464 231 4508 rogum
247 4449 335 4495 ineiliit.
360 4451 396 4496 De
416 4449 544 4511 Periphanta
559 4450 687 4504 amorihua,
719 4450 834 4509 aapectui,
846 4449 938 4494 datiana
947 4456 1090 4503 contractui,
1099 4448 1150 4495 act.
1162 4450 1186 4496 5.
1227 4484 1232 4495 .

77 4510 164 4570 ,sopra
176 4526 198 4556 ν.
209 4512 247 4556 at.
264 4511 314 4557 Ecl.
324 4514 347 4559 6.
357 4512 394 4557 lo.
749 4512 803 4557 «too.
819 4509 1085 4572 Ertremumsulmdrc]
1103 4511 1188 4570 Neque
1199 4512 1265 4558 euim
1276 4526 1323 4557 arn·

116 4572 266 4633 Laodamia]
292 4575 373 4621 Acoeti
395 4574 452 4629 tilia,
473 4588 533 4621 uxor
555 4573 688 4628 Protesilai,
719 4572 919 4634 plibomerivum
938 4581 1103 4631 mortuumque
1122 4574 1205 4620 videre
1221 4574 1323 4633 poteria.

85 4634 174 4682 unitud
183 4636 273 4682 (tracia
285 4636 485 4695 principibua,qui
496 4636 585 4695 primur
593 4637 688 4681 Graeco·
720 4651 767 4682 non
780 4636 866 4689 virtum,
877 4634 932 4692 quia
950 4635 1055 4693 pauculae
1074 4633 1167 4681 tannim
1186 4636 1253 4681 hora
1269 4635 1324 4681 mihi

85 4712 137 4744 rum
149 4698 256 4744 omnium
267 4699 329 4744 bello
337 4698 443 4758 Trojano
459 4699 536 4756 periit,
548 4699 639 4745 occiana
656 4698 687 4743 ah
719 4699 750 4745 ad
767 4699 818 4744 haee
831 4697 953 4743 inviaenda
964 4696 1017 4742 loca
1036 4696 1141 4741 Deorum
1153 4698 1277 4744 voluntate
1296 4710 1324 4744 ae

86 4758 198 4807 Hectore.
216 4759 295 4821 llujua
307 4768 407 4805 mortem
415 4759 469 4805 edm
478 4761 607 4818 accepisset
618 4773 687 4815 uxor,
719 4761 769 4806 sato
783 4774 901 4805 concauam
918 4768 985 4805 aunt:
1002 4773 1050 4803 non
1062 4770 1191 4815 mortuum,
1205 4761 1264 4819 quia
1275 4772 1323 4805 nora

84 4819 163 4871 tuin
175 4823 250 4881 petiit,
261 4821 346 4883 utejna
358 4824 466 4869 uurbram
484 4821 615 4867 aihiliceret
626 4823 686 4868 intu-
720 4836 777 4868 mea
789 4822 910 4880 satumque
921 4821 1039 4866 bellatoria
1055 4822 1106 4867 aliia
1122 4822 1256 4868 inferorum
1266 4821 1325 4869 aedi·

85 4884 132 4931 aria
141 4886 211 4945 idque
217 4883 272 4931 edm
279 4882 438 4945 impetrdaaet,
445 4883 469 4929 in
477 4884 625 4943 amplexibua
636 4885 685 4930 arni·
718 4887 763 4930 bur
775 4898 812 4928 me
823 4883 926 4930 addicet.

86 4947 254 4995 ¹aaaaaadlaait.
748 4947 801 4995 tor.
817 4943 1325 5009 Toraaluentem...aolofixoaacnloa...a·
