2842 5286
140 554 161 617 a
518 549 556 613 P.
579 548 771 613 vinoun
794 504 998 613 Minonis

143 710 260 757 montibus
267 715 292 755 et
298 708 431 755 nemoribus
439 720 489 755 nac
496 694 656 757 Montibus
672 709 702 758 et
716 696 810 778 sylvis
825 698 927 759 studio
935 698 1077 779 jactabat
1090 695 1185 759 inani.
1350 697 1374 759 5

142 770 528 879 fflfnfffigffifc‘ffiO
543 782 675 843 crudelis
689 782 790 859 Alexi,
807 782 883 844 nihil
898 804 967 843 mea
981 781 1118 843 carmina
1131 778 1246 843 curas?

143 910 208 941 meos
223 895 324 941 curtus?
339 895 403 942 nullo
419 896 489 941 modo
497 864 529 927 N
531 865 553 927 il
567 866 663 929 nostri
677 867 841 929 miserere?
865 868 942 928 mori
958 888 1006 929 me
1020 866 1150 948 deniqne
1165 886 1268 947 coges.

143 950 589 1015 miserescnmeitaeniqueco-Nune
604 953 695 1013 etiam
711 953 843 1035 pecudes
858 954 981 1029 umbras
996 966 1025 1013 et
1039 951 1157 1033 frigora
1171 963 1316 1032 captant.

120 1034 238 1143 ὀξξζοξξ
248 1018 327 1127 ffi,
328 1018 490 1127 mllffiriffi
497 1036 528 1096 N
530 1058 589 1099 nnc
604 1038 716 1099 virides
731 1037 822 1099 etiam
838 1037 994 1100 occultant
1009 1037 1126 1119 spineta
1140 1035 1286 1098 lacertos:

142 1143 243 1203 nigore:
264 1157 326 1188 nunc
343 1144 423 1188 lacerti
445 1142 489 1201 ipst
497 1119 655 1204 Thestylis
670 1136 699 1184 et
714 1123 825 1206 rapido
839 1122 924 1183 sessis
938 1122 1120 1183 messoribus
1135 1135 1212 1183 testu
1331 1123 1371 1182 10

142 1205 227 1251 virides
242 1205 316 1250 ¹³¹⁰¹¹²
331 1204 355 1250 in
366 1205 582 1269 terribWAllia
596 1208 824 1290 serpyllumque
839 1208 949 1269 herbas
964 1207 1124 1269 contundit
1138 1206 1262 1267 olentes.

142 1276 165 1312 ct
173 1266 194 1311 'l'
195 1267 290 1327 hastylis
297 1266 396 1312 conterit
404 1268 489 1312 herhas
507 1291 525 1351 x
765 1294 787 1325 ·¹
1038 1293 1044 1306 .
1071 1292 1078 1305 .

142 1316 509 1387 odoriferasalnumetcapys-²
528 1304 671 1354 tmecum
687 1315 798 1369 raucis,
815 1306 866 1353 tua
882 1294 954 1354 dura
970 1307 1101 1372 vestigia
1115 1293 1219 1367 lustro,

142 1391 199 1447 lum,
217 1391 357 1436 messoribus
384 1391 488 1451 fatigatis
498 1375 571 1437 Sole
587 1379 642 1438 Sub
658 1378 776 1439 ardenti
791 1392 935 1439 resolltlllt
950 1378 1074 1438 arbusta
1088 1376 1211 1439 cicadis.

142 1455 172 1559 ξι)
193 1468 290 1513 gravem
308 1463 397 1499 atrurn.
428 1453 489 1525 ¹⁰¹⁸:
538 1461 651 1525 Nonne
666 1463 722 1524 fuit
737 1463 830 1525 satius
846 1462 944 1523 tristes
959 1461 1159 1543 Amaryllidis
1174 1461 1245 1535 iraS,

164 1530 195 1569 m,
205 1516 261 1560 dum
271 1529 357 1573 sequor
371 1524 411 1561 tna
421 1523 489 1561 vestr·

142 1577 190 1637 gr„
206 1591 297 1622 mecum
314 1578 344 1622 ,d
355 1578 428 1622 ,01„„
445 1548 571 1629 s„.Atq;
587 1550 719 1631 superba
733 1549 798 1632 pati
813 1547 958 1610 fastidia?
981 1568 1082 1609 nonne
1096 1544 1284 1609 Menalcan?
1329 1542 1372 1606 15

142 1647 234 1685 ventem
246 1653 322 1684 rauce
335 1639 421 1684 cicade
433 1649 490 1684 stre·
498 1632 647 1714 Quamvis
662 1633 714 1695 ille
729 1634 827 1714 niger,
844 1634 982 1714 quamvis
998 1647 1029 1694 tu
1045 1632 1193 1694 candidus
1208 1648 1296 1691 esses.

159 1700 270 1809 billi&
280 1701 334 1746 Μ
348 1700 439 1747 ⁶⁰¹¹⁸⁵u²
453 1716 527 1779 ar'0
543 1718 675 1779 formose
690 1740 774 1802 puer,
791 1718 918 1780 nimium
933 1740 971 1779 nc
986 1718 1076 1779 crede
1091 1716 1206 1778 colori:

173 1825 257 1871 nonne
269 1824 351 1871 fuisset
362 1824 444 1870 melius
455 1832 489 1870 to.
497 1803 580 1865 Alba
594 1803 725 1884 ligustra
739 1804 863 1879 cadunt,
878 1803 1019 1866 vaccinia
1033 1803 1124 1883 nigra
1137 1800 1291 1882 leguntur.

141 1886 217 1933 terere
228 1901 313 1947 graves
324 1887 371 1933 ins
382 1896 405 1933 ⁰¹
416 1886 489 1963 impe:
497 1886 668 1971 Despectus
684 1889 739 1949 tibi
755 1910 831 1965 sum,
847 1910 904 1950 nec
920 1889 971 1969 qui
987 1889 1043 1949 sim
1058 1887 1179 1968 quaeris,
1194 1884 1306 1947 Alexi:

141 1949 490 2071 ἷζζᾮὲᾞῇᾟῷΑζξῇᾗξὴῗὲῇ
497 1972 599 2055 Quina
613 1974 697 2035 dives
710 1974 840 2056 pecoriS,
853 1973 934 2034 nivei
944 1973 1036 2055 quitm
1045 1972 1132 2035 lactis
1142 1971 1312 2032 abundans
1327 1972 1371 2031 20

144 2086 194 2119 rare
211 2072 354 2119 hlrnalmn?
369 2072 422 2119 licet
438 2073 475 2118 illa
493 2075 570 2119 luscus
588 2073 625 2127 sit,
641 2070 694 2118 licet
710 2085 736 2117 tu
750 2073 817 2118 albus
834 2073 872 2118 sis.
904 2073 924 2118 0
941 2074 1043 2117 formose
1058 2085 1124 2129 puer,
1140 2085 1170 2116 ne
1180 2069 1250 2115 nimis
1264 2068 1372 2113 confidas

143 2133 223 2178 colori.
255 2134 457 2193 Ligustrajacem
474 2135 547 2189 humi,
568 2134 671 2196 quarreria
686 2136 802 2191 candida,
824 2134 930 2179 vaccinia
945 2134 1095 2192 colliguntur,
1106 2130 1209 2193 qtmuroit
1222 2131 1298 2189 nigra
1329 2128 1371 2177 Me

143 2195 448 2305 {cyrytecyyyyrilryychisriclyyyffiriec
464 2197 599 2242 consideras
610 2198 662 2256 quis
673 2212 717 2257 ego
726 2197 778 2253 sira,
790 2194 860 2254 quim
871 2196 956 2240 multas
966 2194 1100 2253 possideam
1111 2209 1174 2251 oves,
1185 2191 1256 2251 quim
1271 2191 1371 2239 minum

703 2444 806 2493 ΝΟΜ.

143 2568 300 2630 terjectinnes,
316 2569 395 2627 qrrales
411 2576 464 2614 strat
482 2569 535 2615 alr!
551 2570 582 2615 ό]
599 2570 690 2614 vocavit
705 2569 741 2617 t'a·
772 2569 932 2628 liatingcntlis
944 2568 1059 2613 vestibus:
1075 2568 1109 2613 ita
1123 2576 1157 2623 tu,
1173 2568 1280 2626 quamvis
1290 2568 1373 2615 candr-

143 2631 257 2678 conditas:
273 2631 328 2689 quin
339 2630 430 2686 araturi,
441 2648 488 2676 non
499 2632 620 2677 hominum
636 2633 741 2677 instituto
773 2634 824 2685 dus,
835 2630 960 2690 negligens
968 2639 1064 2689 propter
1075 2632 1223 2689 superbiam
1240 2630 1373 2686 Menalcas,

143 2694 299 2753 prosemntur.
773 2693 878 2753 quamvis
898 2693 973 2753 niger,
998 2701 1094 2752 propter
1120 2693 1247 2753 ingenuam
1267 2693 1372 2738 indolem

174 2758 195 2801 8,
216 2755 285 2799 Νιιηε
303 2753 371 2799 elium
387 2754 489 2816 pecudes,
500 2753 551 2815 ira]
584 2755 740 2802 Commendat
771 2754 894 2801 amabitur.

143 2817 190 2861 vim
201 2817 286 2861 orneris
298 2815 452 2869 suialahorc,
462 2819 567 2863 lahorem
578 2833 607 2863 ex
619 2832 740 2876 compara·
805 2818 838 2862 18.
861 2816 985 2876 Ligurum]
1018 2816 1160 2877 Ligustnnn,
1183 2830 1281 2873 rntvnr,
1302 2818 1373 2862 arbor

143 2880 206 2924 tione
218 2878 298 2923 ulicnoe
310 2879 401 2936 qnietis.
433 2879 545 2934 l'ecndes,
557 2881 638 2938 inquit,
649 2881 740 2925 laconi·
771 2881 840 2925 llorcs
851 2878 917 2927 Maio
928 2894 1008 2923 mense
1019 2881 1157 2925 racematitn
1168 2880 1246 2925 serens
1254 2879 1372 2925 candidis·

143 2957 187 2999 que
203 2940 306 2985 vilissimi
323 2942 430 2985 snntnlnr
445 2941 541 2998 umbra,
558 2956 671 2987 messores
682 2952 739 2989 aestu
769 2942 847 2988 simos.

143 3002 228 3047 defessi
236 3004 289 3047 cibo
299 3004 405 3047 reficiunt
418 3004 490 3059 vires,
507 3020 551 3063 ego
559 3015 658 3049 asturius
667 3012 689 3049 et
698 3005 739 3049 im·
805 3001 930 3061 Veniatia]
946 3002 1032 3048 l'olunt
1043 3005 1115 3062 aliqui
1129 3007 1213 3049 baccas
1225 3004 1312 3063 nigras,
1324 3003 1372 3050 sire

143 3079 241 3123 pransus
258 3072 280 3109 te
299 3079 391 3122 quone,
415 3080 458 3110 nec
474 3068 534 3110 ullus
552 3068 660 3111 ardorem
679 3068 741 3111 hunc
773 3067 852 3112 acinos
860 3081 910 3109 esse
919 3066 1090 3123 ligmstriffiuani
1102 3065 1211 3120 buccinia,
1218 3067 1372 3125 ‹transcripto-

144 3128 298 3172 meridianum
310 3128 409 3172 tolerare
422 3143 512 3173 urceum
524 3138 607 3186 potest,
618 3136 703 3186 prater
711 3130 742 3174 ci·
773 3130 808 3174 rio
819 3137 950 3173 atramento
962 3128 1094 3173 inserviunt.
1126 3128 1171 3174 Alii
1184 3142 1250 3172 mora
1261 3129 1372 3188 agrestis,

143 3191 223 3244 cadas,
235 3190 317 3247 quihus
328 3190 430 3247 undique
441 3192 565 3248 strepitant
579 3193 680 3237 arbores.
773 3206 824 3251 quoe
836 3190 848 3235 ὲ
859 3192 917 3235 ruho
929 3190 999 3234 sentis
1011 3192 1133 3247 prtulncta,
1149 3191 1178 3235 ad
1189 3190 1314 3249 tingendas
1324 3206 1371 3236 ser·

174 3256 196 3296 9.
213 3251 305 3313 &pirula
316 3251 423 3311 lacertos]
456 3254 578 3309 Laconas,
589 3262 612 3299 et
623 3254 742 3308 lacertas
773 3269 856 3299 rorum
863 3261 938 3297 vestes
947 3253 1001 3296 silim
1010 3254 1154 3307 legebantur.
1175 3252 1264 3298 Tamen
1273 3261 1372 3309 constat,

144 3327 244 3360 risam).
774 3317 811 3361 vel
828 3316 909 3360 horem
932 3328 990 3368 esse,
1006 3315 1042 3359 vel
1058 3316 1172 3371 plantam,
1190 3328 1220 3360 cx
1237 3315 1282 3359 hoc
1303 3316 1372 3375 hujus

178 3377 211 3419 le.
231 3374 354 3435 Thestylis]
373 3374 418 3421 lllc
431 3376 523 3421 samnite
531 3378 741 3430 nomenveneficae
773 3378 867 3436 Ecloga·
875 3378 941 3420 abd.
957 3374 1129 3423 ,notrannus
1133 3375 1211 3437 pingit
1219 3375 1320 3423 coccinio
1328 3376 1372 3423 col·

145 3439 207 3495 apnd
215 3438 236 3482 'l
237 3438 373 3492 heocritmn,
385 3438 470 3496 unta
481 3440 500 3483 1.
533 3438 598 3483 Unde
607 3438 692 3484 insulse
703 3441 742 3484 dc·
773 3439 820 3497 lltd.
851 3434 935 3484 Melius
947 3438 1017 3498 igitur
1027 3453 1081 3482 curn
1092 3437 1201 3483 Turneho
1217 3446 1241 3483 ct
1257 3436 1372 3485 salmasio

145 3500 205 3545 rivat
219 3497 336 3545 sen-iusi
352 3498 435 3545 Latina
449 3512 505 3545 voce
516 3504 577 3556 testu,
592 3500 648 3560 quia
658 3502 743 3547 herhas
774 3502 879 3547 dicemus
895 3500 1048 3559 hyacinthum
1066 3514 1129 3545 csse:
1145 3506 1195 3544 tum
1210 3502 1241 3545 oh
1256 3500 1312 3556 slis,
1322 3510 1372 3545 urm

145 3563 176 3607 ad
192 3552 270 3606 cihnffl
286 3576 415 3607 messenen
431 3561 455 3607 iu
466 3563 573 3609 testaceis
589 3563 678 3621 poculis
692 3571 744 3608 tun·
774 3564 830 3622 quia
845 3561 956 3622 Virgilius
967 3562 1118 3620 hyacinthum
1129 3561 1255 3616 Theocriti,
1265 3576 1309 3619 per
1319 3577 1372 3608 vac·

145 3625 223 3668 debat.
774 3626 863 3671 ciuium
878 3622 960 3671 Latine
972 3624 1072 3669 reddidit
1083 3624 1134 3669 Ecl.
1146 3623 1181 3668 to.
1190 3624 1228 3668 39.
1258 3622 1374 3685 Halm

180 3685 213 3730 ll.
228 3684 292 3731 attia
305 3684 489 3747 serpyllumque]
521 3686 617 3743 dilium,
632 3687 701 3734 oleris
720 3694 744 3734 et
773 3686 905 3741 nolentia,
914 3690 933 3731 el
940 3684 1042 3731 coccinio
1049 3684 1133 3745 nigro:
1148 3682 1217 3743 plane
1224 3700 1254 3730 ex
1263 3686 1303 3731 illo
1311 3686 1372 3745 idyl·

145 3747 208 3793 bulbi
217 3748 315 3805 species,
322 3763 438 3795 osasica.
461 3749 597 3809 Semydum,
607 3751 681 3795 herba
688 3751 744 3795 odo·
774 3750 799 3796 lii
813 3751 846 3796 10.
854 3750 891 3795 nsi
904 3748 928 3793 cl
939 3746 966 3796 ἴον
973 3748 1043 3806 ultas
1051 3746 1093 3792 her
1103 3747 1140 3792 sal
1149 3748 1261 3810 ὶγςιπσὲ
1272 3748 1373 3798 ὑάκινθος.

148 3818 199 3855 rata
214 3823 302 3870 strpuu
317 3811 380 3855 humi
397 3812 534 3857 ramusculis
550 3812 665 3867 tenuibus,
677 3827 744 3858 nno
776 3813 843 3857 Adde
859 3810 922 3870 qubd
937 3820 961 3856 ct
978 3811 1107 3856 tuccinhnn
1123 3811 1240 3870 tingendre
1251 3825 1373 3857 servorum

147 3885 249 3927 sarua,
265 3886 313 3930 any
324 3873 381 3917 herb
388 3872 442 3915 with
455 3886 469 3917 a
480 3882 561 3933 strong
571 3884 643 3919 scent.
775 3889 884 3933 ptnpnrre
903 3874 954 3918 usui
970 3881 1028 3927 erat,
1046 3888 1075 3918 ex
1092 3873 1174 3927 Plinio,
1190 3881 1213 3917 et
1231 3870 1373 3931 hyacinthus

181 3934 286 3993 Olcades]
303 3935 444 3993 Ambiguum
458 3936 603 3989 roeaiinlum,
611 3944 658 3980 tam
668 3938 697 3980 ad
706 3938 745 3981 ho-
776 3937 876 3997 hysgino
887 3936 967 3989 colori,
978 3936 1017 3995 qni
1029 3950 1136 3993 peronne
1148 3934 1235 3992 species
1247 3942 1289 3987 est,
1301 3937 1374 3981 conti·

147 3996 267 4054 nosquam
275 3997 305 4041 ad
315 3996 388 4040 turdos
395 3998 478 4041 odores
486 3998 611 4054 yrertinons.
627 3999 663 4042 Ad
672 4002 745 4044 bourn
775 3998 860 4043 ciendo
871 4000 1006 4056 parabatur,
1014 3998 1069 4043 item
1077 4013 1105 4041 ea
1113 3998 1194 4042 l‘linio.
1226 3996 1264 4039 Sic
1274 3994 1374 4043 Salmas.

148 4058 242 4116 quidem
258 4057 332 4117 qualis
351 4065 385 4103 est
401 4059 509 4119 serpylli,
526 4060 557 4105 ad
572 4060 654 4116 malos,
670 4061 745 4118 qualis
776 4060 799 4105 in
817 4060 889 4106 Solia.
908 4062 929 4107 7.
947 4062 999 4107 272³„
1017 4068 1040 4105 et
1059 4060 1122 4105 1225.
1137 4057 1176 4117 qui
1194 4056 1326 4103 vaccinium
1342 4061 1374 4104 ad

148 4118 262 4164 alliorum.
294 4120 332 4166 Sic
344 4120 452 4177 anllor.
460 4121 474 4165 l.
488 4120 567 4165 l.Sat.
577 4122 599 4166 9.
609 4123 646 4169 27.
664 4122 745 4168 l'eslil-
776 4137 828 4167 erun
846 4122 967 4181 hyacinthi
984 4121 1086 4180 speciem
1101 4122 1179 4173 resen,
1194 4134 1246 4177 quae
1258 4119 1378 4181 gladiola

147 4180 349 4243 lorllufilhuoltl,
367 4181 607 4242 Gorgoniuslu'rcum:
622 4184 664 4229 :rit
674 4184 743 4230 medi·
775 4185 867 4239 dicitnr,
887 4197 950 4229 cons
967 4199 1038 4230 stro.
1077 4181 1180 4228 Racilius
1201 4189 1280 4227 tamen
1299 4182 1374 4229 frctus

147 4257 195 4289 um.
227 4242 322 4299 Cerni-i,
338 4242 411 4290 statu
428 4246 514 4289 innam
530 4244 553 4289 in
569 4254 660 4303 partem
680 4247 743 4304 uhiq;
774 4246 924 4291 similitudine
943 4246 1051 4301 nominis,
1067 4246 1165 4290 adeam
1182 4244 1283 4303 speciem
1301 4259 1375 4302 quana

148 4303 252 4351 sumitur.
778 4306 1018 4353 Gallirocantcncicl.
1048 4306 1107 4351 Vide
1116 4304 1196 4352 ncta
1207 4304 1243 4353 62.

183 4367 216 4411 13.
235 4364 342 4427 cicadis]
362 4366 458 4427 Cigalle,
469 4370 528 4414 Gall.
538 4384 552 4416 Λ
562 4384 746 4425 onassuorrsn,
807 4369 901 4431 Aigra]
918 4370 972 4415 Non
982 4366 1075 4427 proprii
1090 4368 1166 4427 nigra,
1181 4368 1222 4414 scd
1239 4368 1374 4427 ferruginea

149 4429 230 4474 insecti
239 4444 321 4487 genus,
331 4430 454 4475 stridulum
461 4430 537 4490 potiin
545 4430 616 4491 quitus
626 4446 745 4479 carrorum.
777 4442 844 4489 suut;
860 4432 922 4477 uude
930 4430 1015 4476 Geni.
1028 4431 1078 4477 lat.
1086 4429 1375 4493 strntgintetlryocinllrot.

149 4489 296 4545 Dcorbrutis,
307 4490 357 4535 Ecl.
370 4492 436 4538 140.
539 4530 543 4539 .
777 4492 934 4553 Fenugineus
950 4500 1028 4538 autern
1043 4494 1108 4538 color
1123 4500 1167 4548 est,
1181 4506 1229 4537 non
1245 4492 1295 4537 rub¹
1315 4492 1374 4539 'nosi

183 4552 218 4607 14,
231 4551 266 4598 15.
280 4552 352 4597 ,nrm
367 4552 434 4609 llidis,
444 4551 485 4613 dyc.
496 4555 635 4616 Menalcan]
658 4554 694 4600 Dc
705 4572 746 4601 no·
776 4550 870 4613 quidem
887 4555 950 4609 terri,
961 4564 987 4600 ut
997 4555 1092 4613 quidam
1102 4554 1193 4599 volunt:
1212 4555 1253 4598 sed
1268 4508 1375 4613 pillinc

150 4614 212 4661 mine
228 4568 383 4674 Amaryllidis,
399 4614 449 4662 Ecl.
467 4616 486 4662 l.
501 4618 539 4662 31.
564 4617 678 4665 ,isernien
696 4618 745 4663 Eci.
776 4617 869 4675 levigati
878 4618 943 4669 ferri,
953 4626 1076 4675 uostquatn
1084 4616 1247 4663 candefacturn
1258 4618 1376 4677 refriguit,

149 4677 172 4722 3.
185 4676 204 4721 l.
779 4679 848 4735 Angl.
859 4693 954 4725 aaroni
966 4693 1061 4727 anons.
1092 4678 1114 4723 is
1122 4685 1200 4721 autom
1208 4679 1273 4722 color
1279 4693 1326 4724 aon
1334 4680 1377 4725 ad·
1410 4728 1413 4733 ,

183 4740 218 4793 17,
231 4738 381 4785 teneone
391 4738 473 4786 colori:
487 4740 611 4801 Altada]
644 4742 748 4788 Utenim
778 4742 874 4786 snodrnu
890 4740 1022 4787 asiolaceo
1038 4740 1198 4785 diversusest:
1215 4740 1377 4797 videturqucd
1411 4776 1413 4783 .

150 4800 256 4861 ligustra,
266 4802 372 4858 quamvis
383 4802 444 4855 alba,
455 4817 485 4847 ne
496 4804 567 4847 humo
578 4805 673 4861 (aridem
686 4804 748 4849 colli·
779 4804 857 4857 rubro,
873 4803 949 4861 nigro,
967 4816 995 4847 ac
1017 4803 1115 4847 cantho
1134 4810 1289 4859 temperatus:
1312 4804 1379 4849 unde

151 4871 245 4925 guntur,
260 4862 316 4921 quia
331 4864 388 4909 nihil
405 4865 490 4911 hahent
506 4864 625 4923 utilitatis,
643 4866 749 4911 vaccinia
778 4878 822 4922 pro
833 4863 1168 4920 trihushiscoloribuspassirn
1178 4870 1316 4922 usurpabis:
1332 4868 1391 4921 pn>¹

152 4922 215 4989 verb,
229 4923 336 4986 qtramsis
351 4924 427 4988 nigra,
443 4927 466 4973 in
477 4927 552 4987 pretio
563 4936 623 4985 sunt,
635 4928 691 4988 quia
704 4928 748 4973 uti·
778 4928 849 4973 arbro
860 4926 954 4987 quidem
965 4926 1019 4974 AEn.
1032 4926 1065 4972 ll.
1079 4926 1105 4973 7:
1148 4924 1262 4988 -''.rrttghts
1272 4922 1379 4981 dnus&
