2842 5286
137 642 202 709 a.

130 708 137 727 1

45 912 51 923 ’
236 942 343 1087 ‚l
422 860 524 1073 “ff
554 854 850 1089 fmus
906 860 981 1083 Ῠ,
1123 930 1127 937 ·

106 1100 112 1109 -
181 1078 286 1143 ἰγ
498 1114 509 1125 .
639 1140 642 1147 Ι

104 1178 160 1261 ⁶³⁸
197 1302 228 1321 ..
253 1172 270 1301 ἰ
366 1222 388 1348 p
469 1172 933 1373 acaronem
972 1194 988 1333 ’ῑ
1033 1306 1069 1329 ..
1198 1230 1202 1237 ·
1296 1221 1301 1229 ’

115 1554 130 1581 ,
217 1378 789 1589 queuntium-'bonarum
809 1444 959 1557 rusb
979 1438 1208 1553 norma

78 1726 601 1895 PUBLlUSVlrglliosMaro
609 1706 1050 1833 prmudbusmbdicissuitet
1085 1742 1224 1831 raecipub
1237 1718 1327 1831 petre]

126 1838 166 1885 *ἃ
182 1822 339 1909 linones
360 1830 744 1923 quemquidamopificem
758 1832 908 1916 figulum
929 1830 1044 1917 plures,
1097 1830 1151 1915 agi
1163 1830 1326 1915 cujusdam

80 1910 218 1981 riatorld
225 1914 316 2005 im'tlu
330 1910 652 2003 merwuirium,mor
673 1920 721 1982 ob·
736 1908 920 1982 industriam
942 1936 1091 2000 generum
1112 1916 1326 1999 tradiderunt;

80 2022 171 2086 quem
189 2000 267 2067 edm
290 2022 310 2065 a
348 2002 358 2019 ⁸
382 2010 391 2015 ''
419 2002 508 2083 J‘oni
531 2004 639 2089 reique
651 2002 778 2067 rustice
800 2012 831 2067 et
852 2002 1003 2104 'gregibus
1023 2000 1212 2089 praefecisset
1226 2023 1325 2083 socer,
1394 2018 1397 2023 '

82 2086 177 2171 sylvis
185 2082 364 2187 oltptnundi¹
383 2088 535 2193 etaplbus
545 2088 691 2153 curandis
701 2086 839 2153 reculam
852 2100 947 2151 auxit.
970 2084 1074 2169 Natus
1086 2100 1141 2166 est,
1155 2086 1218 2153 Cn.
1228 2086 1338 2155 Potui

84 2164 400 2274 pfiaflagnmetld.
414 2172 691 2252 hemicorum:
730 2172 739 2191 '
773 2172 825 2237 itm
838 2170 930 2237 Coss.
945 2170 1059 2239 Iduum
1068 2170 1253 2245 Octobrium
1263 2172 1325 2253 die,

82 2254 596 2347 mpsguquiAndeadit'itur,qui
607 2260 693 2355 aaa,
731 2256 826 2323 artui
835 2278 899 2327 uon
907 2255 1028 2345 procul.
1040 2256 1218 2340 Proegnans
1227 2272 1326 2323 mater

81 2340 262 2423 liniacum
272 2338 778 2418 somniirsetenixamse'laureum
789 2355 1326 2429 ramum,qnemcompactumterroe
1399 2420 1401 2425 ι

81 2429 244 2508 mambre,
267 2444 299 2495 et
319 2430 490 2495 morasse
505 2430 591 2495 illicd
605 2430 639 2505 in
654 2420 788 2525 speciem
802 2442 934 2499 maturae
948 2428 1079 2508 arboris,
1095 2426 1216 2493 refertae
1230 2426 1327 2493 variis
1381 2476 1384 2484 .

81 2514 184 2600 potni's¹
196 2528 229 2579 et
242 2514 380 2595 floribus,
395 2528 550 2599 cerneret,
571 2504 710 2603 seqfflnti
724 2515 794 2581 luce
815 2534 886 2579 cum
907 2514 1021 2591 marito
1042 2534 1096 2577 rus
1116 2512 1327 2599 propinquum

81 2602 198 2701 petens,
210 2621 247 2663 ex
256 2600 366 2664 itinere
374 2602 507 2681 divertit,
517 2616 609 2686 atque
619 2603 651 2666 in
659 2600 886 2685 subjectisossia
895 2614 986 2685 partu
996 2598 1098 2663 levata
1109 2613 1163 2661 est.
1208 2596 1328 2663 Ferunt

81 2686 240 2765 infantem,
256 2699 291 2749 ut
305 2686 363 2749 suit
377 2688 487 2767 editus,
500 2710 557 2751 nec
569 2688 702 2772 vagisse,
727 2700 758 2750 et
780 2687 858 2749 adad
874 2687 939 2749 miti
955 2685 1041 2748 vultu
1058 2685 1160 2764 fuisse,
1184 2699 1218 2748 ut
1241 2684 1326 2748 haud

80 2772 209 2835 dubiam
222 2792 307 2857 spem
339 2774 521 2873 rosperioris
532 2773 684 2857 geniturae
690 2774 759 2858 jam
772 2786 835 2837 tum
849 2772 1008 2855 indicaret.
1046 2768 1091 2834 Ει
1101 2771 1230 2833 accessit
1241 2770 1328 2852 aliud

81 2859 282 2943 praesagium.
305 2795 467 2943 diquidem
478 2859 570 2943 virga
579 2860 724 2960 populea,
738 2879 823 2921 more
838 2856 975 2961 regionis
986 2856 1019 2919 in
1032 2856 1202 2941 puerperiis
1217 2851 1327 2919 eodein

81 2942 185 3007 statim
199 2944 272 3006 loco
290 2940 434 3029 depacta,
447 2943 492 3007 ita
503 2945 592 3008 brevt
605 2944 731 3023 coaluit,
748 2957 782 3007 ut
796 2942 893 3007 multo
907 2941 980 3007 ante
996 2956 1078 3005 satas
1092 2941 1225 3028 populos
1241 2943 1327 3005 adae·

82 3028 200 3114 quirin
225 3048 296 3114 quae
320 3029 414 3092 arbor
436 3028 563 3114 Virgilii
587 3052 625 3093 ex
649 3052 687 3094 eo
708 3030 803 3108 dicta,
827 3042 919 3113 atque
934 3040 1115 3091 consecrata
1130 3040 1185 3105 est,
1208 3025 1329 3093 summi

81 3115 284 3198 gravidarum
298 3129 329 3178 et
342 3114 487 3181 foetarum
510 3113 672 3199 religione,
692 3115 923 3199 suscipientium
937 3112 981 3176 ibi
996 3125 1027 3175 et
1041 3112 1225 3175 solventium
1241 3128 1324 3176 vota.

124 3200 220 3264 lnitia
231 3200 343 3280 aetatis,
354 3200 452 3281 idest,
465 3222 562 3286 usque
575 3201 615 3263 ad
625 3202 786 3288 septimum
798 3221 923 3276 annum,
935 3196 1101 3261 Cremonae
1112 3198 1193 3280 egit:
1209 3210 1239 3259 et
1250 3198 1325 3262 xvii.

83 3308 164 3351 anno
187 3286 310 3350 virilem
333 3300 440 3370 togam
463 3286 554 3371 cepit,
582 3285 642 3351 illis
664 3286 843 3371 consulibus
869 3285 979 3348 iterum
1002 3283 1114 3366 quibus
1136 3295 1226 3347 natus
1249 3296 1324 3348 erat.

82 3369 196 3435 Evenit
219 3393 259 3435 ue
271 3384 305 3434 ut
315 3392 352 3434 eo
365 3371 434 3456 ipso
445 3372 494 3436 die
507 3356 682 3453 Lucretius,
691 3372 969 3477 poitadecederet.
1006 3369 1069 3432 Sed
1079 3366 1233 3453 Virgilius
1246 3368 1326 3433 Cre·

82 3394 411 3535 monibiediolanum,
425 3470 455 3520 et
469 3458 540 3521 inde
556 3458 650 3545 pauli>
664 3472 735 3542 post
749 3456 916 3545 Neapolim
926 3455 1065 3535 transiit;
1080 3454 1133 3517 ubi
1147 3455 1216 3517 clun
1230 3455 1327 3518 literis
1397 3478 1401 3485 ·

82 3558 112 3606 et
134 3543 257 3607 Graecis
278 3559 309 3606 et
330 3542 454 3606 Latinis
468 3544 765 3607 vehementissimam
780 3564 907 3628 operam
931 3541 1073 3619 dedisset,
1098 3541 1221 3603 tandem
1241 3541 1324 3603 omni

81 3629 158 3691 curi
172 3629 318 3712 omnique
333 3630 434 3691 studio
449 3629 576 3692 indulsit
590 3629 753 3693 medicinae
769 3643 800 3692 et
814 3627 1047 3695 mathematicis.
1093 3625 1325 3706 Quibus·rebus

81 3714 153 3777 eum
164 3729 234 3778 ante
243 3715 322 3777 alios
329 3715 478 3779 eruditior
489 3715 677 3801 peritiorque
689 3731 778 3794 esset,
792 3713 866 3777 sein
879 3714 985 3777 urbem
998 3710 1144 3774 contulit:
1161 3712 1323 3794 statimque

81 3800 224 3883 magistri
246 3800 358 3863 stabuli
381 3821 531 3886 equorum
552 3800 690 3885 Augusti
711 3800 879 3865 amicitiam
894 3812 1012 3877 nactus,
1028 3796 1140 3861 multos
1160 3798 1324 3881 variosque

81 3886 208 3948 morbos
223 3885 391 3949 incidentes
413 3887 500 3970 equis
522 3887 651 3950 curavit.
695 3886 739 3950 At
759 3886 921 3968 Augustus
943 3883 975 3945 in
999 3882 1170 3945 mercedem
1194 3882 1240 3944 sin
1286 3882 1324 3946 lis

82 3972 191 4035 diebus
205 3993 301 4057 panes
312 3968 461 4055 Virgilio,
477 3985 511 4034 ut
523 3973 579 4035 uni
594 3993 631 4034 ex
646 3972 833 4051 stabulariis,
849 3969 917 4033 dari
925 3969 1028 4053 jussit
1072 3967 1196 4031 Interea
1211 3968 1229 4030 a
1242 3904 1324 4032 gio·

83 4057 208 4121 tuuiatis
229 4056 332 4161 pullus
355 4058 426 4140 equi
451 4058 539 4121 mirae
561 4056 799 4146 pulchritudinis
812 4054 933 4119 Caesari
948 4055 1032 4117 dono
1047 4052 1106 4116 suit
1119 4054 1245 4118 missus:
1269 4075 1321 4136 qur

82 4142 349 4227 omuiumJudicio
359 4165 443 4228 spem
456 4144 660 4228 portendebat
671 4142 792 4213 uirtutis
805 4157 836 4206 et
847 4138 1011 4204 celeritatis
1024 4138 1191 4203 immensae.
1229 4138 1322 4205 Hunc

81 4227 153 4293 crim
160 4229 329 4315 aspexisset
339 4227 442 4308 Maro,
451 4226 600 4313 magistro
612 4228 724 4293 stabuli
738 4228 824 4306 dixit,
835 4240 942 4290 natum
952 4246 1064 4288 esseest
1076 4223 1221 4288 morbosi
1232 4224 1322 4309 equi,

81 4328 183 4379 etnec
199 4313 316 4379 viribus
331 4313 507 4393 valitumm,
531 4336 587 4378 nec
610 4314 783 4393 celeritate3
806 4314 899 4396 idque
920 4332 1027 4373 verum
1050 4309 1143 4374 fuisse
1162 4310 1323 4375 ‘inventum

81 4413 139 4465 est.
181 4398 279 4483 Quod
293 4399 363 4462 cinn
385 4401 532 4483 magister
547 4399 659 4463 stabuli
674 4400 819 4484 Augusto
843 4396 1008 4475 recitasset,
1032 4395 1185 4482 duplicari
1208 4396 1266 4481 ipsi
1291 4398 1323 4463 in

81 4484 254 4548 mercedem
276 4485 482 4571 pauesjussit.
528 4484 611 4557 Cium
635 4486 707 4549 item
729 4507 767 4548 ex
790 4482 944 4567 Hispaniis
964 4481 1110 4564 Augusto
1132 4502 1224 4544 canes
1239 4483 1323 4546 dono
1383 4480 1387 4485 ’

80 4570 284 4649 mitterentur,
297 4584 327 4633 et
338 4584 481 4657 parentes
496 4592 602 4634 eorum
618 4566 696 4634 dixit
706 4568 871 4653 Virgilius,
884 4581 914 4630 et
927 4568 1062 4630 animum
1075 4567 1322 4651 celeritatemque

81 4654 228 4718 futuram
273 4654 347 4741 Quo
362 4656 501 4740 cognito,
514 4656 641 4720 mandat
655 4656 766 4721 iterum
781 4653 975 4737 augmentari
991 4651 1128 4736 Virgilio
1140 4674 1246 4736 panes.

124 4737 290 4804 Dubitavit
300 4742 461 4825 Augustus
474 4738 639 4804 Octaviine
651 4741 732 4806 filius
745 4755 832 4816 esset,
844 4762 884 4803 an
897 4738 1038 4801 alterius:
1055 4738 1147 4822 idque
1159 4734 1321 4801 Maronem

80 4824 203 4912 aperire
226 4848 316 4913 posse
339 4826 502 4907 arbitratus
524 4841 579 4907 est,
603 4828 677 4912 quia
691 4846 802 4891 canum
827 4839 857 4890 et
879 4824 950 4908 equi
965 4838 1106 4888 naturam
1120 4837 1322 4910 parentesque

79 4910 246 4995 regnarat
293 4912 413 4977 Kmods
436 4912 689 5013 igitur-munibus
698 4913 838 5039 prbitris,
854 4912 942 4982 illum
956 4910 990 4978 io
1004 4908 1189 5001 pebitiorem
1204 4921 1334 4999 partem

451 5084 465 5105 .-
495 5048 535 5113 ,ἐξ

484 5118 515 5143 .,
