2842 5286
87 546 117 610 ri
297 564 304 575 ·
469 542 508 608 Ρ.
530 540 725 609 VlRlilLll
749 541 954 610 trasonis

90 690 201 756 domds
216 703 326 754 vocat:
348 703 379 754 et
394 689 494 765 solum
507 705 609 777 rogat,
622 713 663 755 an
678 692 756 756 sciat
789 692 910 756 uisnam
925 704 1013 770 esset,
1026 703 1057 754 et
1071 710 1163 775 quarn
1179 688 1219 753 ad
1233 688 1331 755 felici·

89 777 200 840 tandos
224 777 363 839 homines
386 774 564 841 facultatem
577 778 715 855 haberet.
793 778 855 856 ovi,
869 777 969 861 inquit
990 775 1093 855 Maro,
1116 788 1146 839 te
1170 773 1330 839 Caesarem

89 863 284 945 Angustum:
307 875 338 924 et
352 861 448 924 ferme
463 880 586 945 aequam
609 884 679 927 curn
695 861 766 925 Diis
781 863 1005 927 immortalibus
1021 874 1201 946 potestatem
1216 860 1331 924 habere

90 949 165 1026 scio,
181 962 321 1032 atquem
336 948 382 1009 vis
394 947 515 1010 felicem
527 938 634 1010 facilus
679 947 730 1010 Eo
740 946 844 1011 animo
857 969 934 1026 snm,
947 946 1112 1032 respondet
1124 945 1245 1024 Caesar,
1257 959 1293 1008 nt
1304 946 1330 1009 si

88 1055 196 1096 verum
211 1055 268 1118 pro
284 1047 396 1115 rogatu
412 1030 534 1110 dixeris,
558 1033 681 1097 beatum
704 1048 734 1096 te
757 1032 935 1117 felicemque
950 1032 1086 1095 reddam.
1130 1028 1269 1110 Utinam,
1286 1031 1331 1094 ait

89 1117 193 1197 Maro,
216 1119 331 1181 interro
398 1119 418 1180 ti
443 1117 498 1181 tibi
520 1139 595 1181 vera
617 1118 720 1190 dicere
739 1141 859 1201 queam.
903 1117 996 1181 Tunc
1014 1119 1189 1201 Augustus:
1211 1115 1330 1181 Putant

91 1204 144 1267 aiii
154 1225 202 1266 me
215 1219 320 1267 natum
364 1203 485 1283 ruvi03
507 1204 632 1287 quidam
646 1204 839 1289 suspicantur
853 1205 915 1268 alio
925 1226 973 1267 me
985 1205 1123 1287 genitum
1134 1203 1213 1265 viro.
1257 1200 1329 1266 bla-

91 1312 126 1352 ro
149 1289 326 1369 subridens3
349 1287 469 1367 Facili,
493 1288 602 1373 inquit,
626 1289 651 1352 si
674 1289 811 1374 impune,
829 1291 1014 1373 licenterque
1029 1311 1101 1372 quae
1123 1289 1220 1352 sentio
1242 1287 1328 1373 loqui

84 1376 188 1459 jubes,
213 1374 245 1437 id
269 1375 380 1438 dicam.
427 1375 567 1438 Affirmat
582 1375 917 1459 Caesarjurejurando,
934 1374 1052 1438 nullum
1077 1375 1142 1457 ejus
1165 1374 1282 1437 dictum
1297 1395 1330 1436 se

91 1460 178 1544 aegre
203 1459 357 1543 laturum
378 1459 441 1523 imo
466 1474 527 1523 non
555 1461 613 1524 nisi
638 1461 785 1525 donatum
810 1462 850 1524 ab
865 1483 902 1524 eo
918 1462 1132 1537 decessurum.
1176 1459 1227 1523 Ad
1249 1459 1328 1537 haec,

90 1546 198 1608 oculos
223 1545 321 1608 oculis
344 1546 478 1627 Augusti
494 1544 626 1629 infigens
640 1545 751 1625 Maro;
774 1545 922 1625 Facilius,
936 1545 990 1624 ait,
1006 1547 1038 1609 in
1053 1545 1174 1608 caeteris
1188 1544 1330 1608 animali·

92 1633 148 1694 bns
169 1630 332 1714 qualitates
348 1646 508 1714 parentum
533 1632 755 1695 mathematicis
769 1646 799 1694 et
814 1631 1006 1717 philosophis
1021 1630 1169 1715 cognosci
1184 1642 1331 1714 possunt3

93 1717 124 1780 in
138 1716 261 1780 homine
272 1738 373 1800 nequa
395 1738 466 1778 uam
481 1710 627 1802 possibile
642 1731 697 1781 est.
741 1717 805 1780 Sed
818 1718 857 1780 de
872 1731 901 1780 te
913 1717 1122 1800 conjecturam
1134 1717 1236 1779 babeo
1246 1715 1332 1779 simi·

93 1800 151 1865 lem
165 1802 241 1880 veri,
264 1816 298 1864 ut
317 1737 394 1885 qnid
406 1803 576 1889 exercuerit
590 1817 678 1887 pater
693 1817 773 1882 tuns,
787 1800 864 1869 scire
879 1801 1004 1888 possim.
1048 1801 1174 1865 Attente
1187 1814 1332 1950 expecta·

91 1888 145 1950 hat
158 1888 319 1971 Augustus
334 1886 480 1989 quidnam
505 1888 629 1951 diceret
673 1890 715 1951 At
731 1887 800 1968 ille;
822 1887 982 1971 Quantbm
998 1908 1058 1970 ego
1073 1908 1137 1951 rem
1160 1886 1223 1950 inte
1234 1886 1334 1970 ligere

91 1986 227 2057 possum,
243 1972 366 2057 pistoris
382 1971 463 2035 tilius
478 1995 519 2052 es,
536 1972 644 2057 inquit
689 1972 791 2037 Obstu
814 1987 902 2036 uerat
916 1972 1037 2052 casa,
1052 1986 1083 2036 et
1097 1970 1198 2035 statim
1212 1993 1276 2057 quo
1300 1971 1333 2037 id

90 2071 184 2159 pacto
207 2058 273 2120 fieri
299 2059 443 2142 potnerit,
466 2058 570 2122 animo
594 2057 747 2122 volvebat
792 1997 1021 2144 interrumpens
1042 2048 1215 2141 Virgilium
1239 2056 1333 2136 Audi,

91 2143 201 2228 inquit,
215 2162 277 2228 qno
286 2157 380 2228 pacto
392 2144 425 2208 id
440 2144 583 2227 conjicio.
628 2142 711 2209 Cum
726 2144 870 2227 quaedam
882 2143 1110 2207 enunciuuerim
1121 2142 1334 2227 praedixerim·

91 2246 161 2313 que,
184 2248 256 2312 quae
280 2228 411 2313 intelligi
437 2230 569 2314 scirique
593 2250 655 2292 non
680 2228 738 2292 nisi
761 2230 802 2292 ab
823 2227 1036 2292 eruditissirois
1058 2228 1244 2312 summisque
1258 2228 1335 2291 viris

92 2313 272 2415 potuissent,
295 2329 328 2377 tu
351 2317 494 2401 princeps
509 2315 593 2378 orbis
608 2314 718 2379 iterum
731 2327 761 2378 et
773 2313 883 2377 iterum
898 2335 993 2397 panes
1015 2312 1047 2383 iu
1070 2314 1241 2377 mercedem
1265 2314 1334 2377 dari

84 2399 222 2483 jussisti3
245 2401 328 2485 quod
342 2398 464 2484 quidem
480 2414 533 2464 ant
569 2398 682 2479 istoria,
707 2415 761 2463 aut
784 2398 848 2463 nati
862 2398 977 2484 pistore
989 2396 1124 2463 officinm
1139 2413 1215 2479 erat,
1257 2397 1335 2463 Pla·

92 2485 156 2549 cuit
171 2482 292 2549 Caesari
309 2485 429 2548 facetia.
473 2487 516 2548 At
553 2485 686 2634 einceps,
709 2485 810 2571 inquit
832 2484 953 2565 Caesar,
978 2507 1040 2549 non
1064 2482 1230 2635 epistom,
1247 2484 1337 2547 sedi

93 2584 166 2654 rege
180 2572 381 2654 magnanimo
396 2572 480 2634 dona
502 2570 588 2634 feres.

93 2656 258 2739 mendavit.

135 2740 279 2826 Corpore
293 2753 324 2803 et
338 2740 455 2804 staturi
470 2742 527 2806 suit
551 2741 674 2826 grandi,
691 2740 830 2826 aquilino
844 2743 959 2823 colore,
974 2741 1054 2806 facie
1069 2741 1234 2820 rusticani,
1251 2740 1337 2805 vale·

93 2828 199 2890 tudine
210 2825 315 2906 varih3
338 2842 409 2889 nam
428 2827 609 2912 plerumque
622 2828 661 2890 ab
675 2827 834 2891 stomacho
849 2842 879 2892 et
893 2826 1035 2891 lancibus
1050 2850 1087 2891 ac
1101 2826 1211 2891 dolore
1224 2826 1337 2975 caqitis

93 2912 274 2992 laborabat;
296 2913 478 2995 sanguinem
494 2914 586 2976 etiam
600 2912 713 2999 saepihs
728 2913 830 2996 ejecit.
875 2912 949 2977 Cibi
962 2913 1088 2998 vinique
1099 2910 1227 2976 minimi.
1302 2935 1337 2975 a·

93 3018 144 3061 rna
158 3013 204 3060 est
217 3018 287 3061 eum
303 2994 439 3060 libidinis
450 2995 606 3084 pronioris
619 2999 651 3062 ln
667 3012 778 3084 pueros
793 2999 885 3062 fuisse
893 3023 903 3081 3
926 2992 978 3063 sed
992 2997 1066 3063 boni
1080 2999 1124 3062 ita
1138 3020 1208 3062 cnm
1224 3019 1337 3082 pueros

93 3080 211 3148 amisse
225 3098 422 3169 putaverunt,
437 3101 472 3147 ut
485 3084 631 3148 Socrates
645 3082 851 3164 Alcibiadem,
868 3098 899 3149 et
913 3082 1007 3149 Plato
1022 3106 1094 3148 suos
1105 3104 1227 3169 pueros.
1271 3081 1337 3146 Ve-

94 3166 160 3232 rhm
176 3168 256 3233 inter
270 3188 376 3232 omnes
391 3170 524 3233 maxime
537 3168 645 3234 dilexit
660 3169 819 3250 Cebetem,
835 3185 865 3234 et
885 3168 1108 3249 Alexandrum,
1124 3191 1214 3255 quem
1227 3190 1338 3232 secun·

93 3256 134 3318 da
155 3252 376 3319 Bucolicorum
392 3250 504 3340 ecloga
525 3256 649 3320 Alexim
664 3277 704 3342 ap
745 3255 810 3335 liat,
827 3256 975 3321 donatum
997 3255 1055 3320 sibi
1071 3257 1111 3318 ab
1126 3254 1237 3319 Asinio
1259 3253 1337 3318 Pol·

95 3341 186 3405 lione.
229 3338 405 3425 Utrumque
421 3364 483 3405 non
498 3341 685 3425 ineruditum
722 3341 832 3421 ’misit3
863 3342 1076 3405 Alexandrum
1089 3340 1338 3424 grammaticum,

94 3426 242 3488 Cebetem
258 3426 331 3488 verb
347 3441 377 3489 et
392 3431 545 3512 poetam·
572 3426 744 3511 Vulgatum
760 3441 815 3505 est,
832 3427 1026 3490 consuevisse
1048 3448 1118 3490 eum
1141 3447 1211 3489 curn
1231 3423 1339 3488 Plotia

95 3506 213 3575 Hieria
273 3511 337 3575 Sed
364 3513 518 3575 Asconius
545 3512 715 3576 Pedianus
745 3510 885 3591 affirmat,
908 3513 918 3575 i
942 3534 1010 3577 sum
1035 3510 1144 3597 postea
1167 3508 1338 3575 minoribus

95 3612 168 3660 natu
192 3620 318 3660 narrare
340 3598 473 3677 solitum,
497 3599 659 3662 invitatum
675 3596 797 3683 quidem
821 3620 853 3661 se
868 3598 887 3661 a
902 3535 1001 3660 ilario
1025 3596 1065 3660 ad
1090 3595 1338 3660 communionem

95 3683 240 3761 mulieris,
257 3684 361 3746 verhrn
385 3706 416 3746 se
431 3684 674 3769 pertinacissime
691 3684 857 3763 recusasse.
901 3682 1028 3748 Coeteri
1042 3682 1117 3745 sane
1139 3682 1213 3760 viti,
1227 3695 1258 3744 et
1273 3703 1338 3762 ore,

95 3784 125 3833 et
147 3768 261 3848 animo,
277 3783 340 3832 tam
365 3771 496 3855 probum
518 3770 611 3833 suisse
625 3781 757 3848 constat,
769 3782 804 3832 ut
817 3769 953 3874 Neapoli
968 3766 1154 3832 Parthenias
1168 3764 1266 3850 vnlgb
1282 3789 1339 3868 ap-

95 3853 280 3940 pellaretur:
304 3876 351 3932 ac,
365 3856 388 3916 si
406 3854 531 3939 quando
546 3852 660 3919 Mutae
673 3855 734 3938 qud
751 3855 906 3918 rarissime
919 3856 1113 3919 commeabat
1132 3853 1292 3931 viseretur,
1305 3874 1338 3916 ra

95 3939 222 4025 publico
246 3954 394 4003 sectantes
410 3942 713 4024 demonstrantesque
730 3962 773 4019 se,
798 3941 1010 4025 subterfugere
1031 3939 1155 4002 solitum
1176 3937 1208 4002 in
1232 3938 1339 4022 proxi·

96 4042 178 4087 mum
195 4039 317 4088 tectum.
362 4024 456 4088 Bona
471 4040 571 4090 antem
596 4024 757 4109 enjusdam
772 4025 923 4090 exulantis
942 4024 1088 4090 offerente
1102 4027 1258 4108 Augusto,
1273 4045 1339 4088 non

96 4110 239 4173 sustinuit
253 4112 404 4259 accipiere.
448 4111 591 4176 Possedit
614 4111 713 4260 prqpe
729 4113 843 4175 centies
859 4112 1029 4175 sestertium
1048 4131 1085 4174 ex
1100 4109 1339 4173 liberalitatibus

96 4195 276 4259 amicorum.
356 4197 502 4280 abuitqne
516 4198 641 4262 domum
690 4216 770 4261 omae
786 4198 817 4261 in
832 4198 998 4281 Exquiliis,
1011 4198 1104 4279 juxta
1127 4196 1233 4258 hortos
1256 4192 1339 4261 lilae·

96 4280 232 4344 cenatio:
255 4303 431 4366 quanquam
455 4305 574 4346 secessu
590 4282 775 4368 Campania
800 4280 979 4368 Siciliaeque
1001 4281 1167 4367 plurimirm
1192 4294 1338 4345 uteretur.

97 4364 302 4451 Quaecunque
324 4368 364 4429 ab
391 4368 533 4451 Augusto
551 4382 676 4455 peteret,
694 4369 846 4454 repulsam
860 4391 1017 4454 nunquam
1032 4366 1150 4430 babuit.
1194 4367 1340 4433 Parenti-

97 4454 154 4515 bus
167 4452 331 4553 quotannis
345 4474 454 4516 aurum
469 4455 509 4517 ad
521 4454 729 4519 abundantem
744 4454 851 4519 alitum
866 4454 1023 4518 mittebat:
1039 4475 1116 4538 quos
1125 4452 1194 4537 jam
1209 4453 1339 4536 mandis

98 4537 216 4601 amisit:
239 4537 413 4621 exquibus,
429 4555 546 4623 patrem
563 4540 660 4603 oculis
672 4554 815 4625 captum:
838 4555 868 4603 et
882 4540 961 4604 duos
976 4538 1083 4603 fratres
1096 4558 1271 4622 germanos,
1287 4532 1340 4601 Si·

67 4662 71 4667 ·
99 4623 199 4686 ionem
225 4622 425 4708 impuberem,
450 4622 600 4688 Flaccum
620 4627 688 4709 jam
715 4625 864 4704 adultum,
889 4625 977 4708 cujus
999 4626 1114 4689 exitum
1134 4624 1193 4695 snb
1213 4624 1340 4686 nomine

98 4707 274 4792 Daphnidis
301 4708 401 4771 deflet
447 4708 530 4772 lnter
554 4724 667 4773 coetera
691 4711 802 4789 studia,
830 4727 864 4774 nt
890 4710 983 4796 sopri
1006 4711 1149 4786 diximus,
1175 4707 1340 4786 medicinae

98 4814 231 4877 qnoque,
248 4816 284 4856 ao
300 4794 433 4857 maxime
449 4797 673 4858 rrrathematicae
689 4816 814 4883 operam
831 4797 923 4859 dedit.
969 4792 1047 4879 Egit
1061 4812 1091 4858 et
1105 4815 1229 4856 causam
1246 4814 1340 4857 unam

98 4881 236 4961 omnino,
260 4898 315 4944 nec
341 4880 473 4967 amplius
510 4881 581 4943 uim
598 4882 699 4944 semel.
746 4881 895 4955 Sermone
911 4882 1128 4960 tardissimum,
1143 4901 1180 4943 ac
1195 4878 1276 4966 pene
1292 4878 1339 4945 iu·

97 4963 192 5030 docto
207 4964 336 5033 similem
351 4968 454 5047 fuisse,
467 4903 612 5032 blelissu's
626 4966 761 5035 tradidit

651 2570 787 2656 llumque
802 2570 926 2656 plurimi
949 2570 1031 2650 feeit,
1051 2585 1082 2634 et
1126 2570 1234 2634 ollioni
1249 2591 1336 2633 com·
