<?xml version="1.0" encoding="UTF-8"?>
<!DOCTYPE html PUBLIC "-//W3C//DTD XHTML 1.0 Transitional//EN"
    "http://www.w3.org/TR/xhtml1/DTD/xhtml1-transitional.dtd">
<html xmlns="http://www.w3.org/1999/xhtml" xml:lang="en" lang="en">
 <head>
  <title>
</title>
<meta http-equiv="Content-Type" content="text/html;charset=utf-8" />
  <meta name='ocr-system' content='tesseract 3.04.00' />
  <meta name='ocr-capabilities' content='ocr_page ocr_carea ocr_par ocr_line ocrx_word'/>
</head>
<body>
  <div class='ocr_page' id='page_1' title='image "./opera05virggoog_0027.png"; bbox 0 0 2842 5286; ppageno 0'>
   <div class='ocr_carea' id='block_1_1' title="bbox 8 542 949 617">
    <p class='ocr_par' dir='ltr' id='par_1_1' title="bbox 8 542 949 617">
     <span class='ocr_line' id='line_1_1' title="bbox 8 542 949 617; baseline -0.012 1"><span class='ocrx_word' id='word_1_1' title='bbox 8 574 11 583; x_wconf 94' lang='lat'>·</span> <span class='ocrx_word' id='word_1_2' title='bbox 88 552 140 617; x_wconf 76' lang='lat' dir='ltr'><strong>ssi</strong></span> <span class='ocrx_word' id='word_1_3' title='bbox 463 546 502 612; x_wconf 90' lang='lat' dir='ltr'><strong>P.</strong></span> <span class='ocrx_word' id='word_1_4' title='bbox 526 544 721 611; x_wconf 81' lang='lat' dir='ltr'>VIRGILII</span> <span class='ocrx_word' id='word_1_5' title='bbox 743 542 949 608; x_wconf 85' lang='lat' dir='ltr'><strong>MARONIS</strong></span> 
     </span>
    </p>
   </div>
   <div class='ocr_carea' id='block_1_2' title="bbox 85 690 1379 867">
    <p class='ocr_par' dir='ltr' id='par_1_2' title="bbox 85 644 1379 867">
     <span class='ocr_line' id='line_1_2' title="bbox 85 690 1329 784; baseline -0.005 -21"><span class='ocrx_word' id='word_1_6' title='bbox 85 696 158 763; x_wconf 80' lang='lat' dir='ltr'><strong>delli</strong></span> <span class='ocrx_word' id='word_1_7' title='bbox 167 707 295 784; x_wconf 83' lang='lat' dir='ltr'><strong>propter</strong></span> <span class='ocrx_word' id='word_1_8' title='bbox 309 705 435 762; x_wconf 69' lang='lat' dir='ltr'><strong>etcum</strong></span> <span class='ocrx_word' id='word_1_9' title='bbox 479 692 646 758; x_wconf 79' lang='lat' dir='ltr'><strong>Suetonius</strong></span> <span class='ocrx_word' id='word_1_10' title='bbox 658 694 690 757; x_wconf 91' lang='lat' dir='ltr'><strong>in</strong></span> <span class='ocrx_word' id='word_1_11' title='bbox 722 690 889 776; x_wconf 88' lang='lat' dir='ltr'><strong>quenniurn</strong></span> <span class='ocrx_word' id='word_1_12' title='bbox 922 691 1108 771; x_wconf 80' lang='lat' dir='ltr'><strong>renuntient,</strong></span> <span class='ocrx_word' id='word_1_13' title='bbox 1130 692 1329 775; x_wconf 70' lang='lat' dir='ltr'><strong>magistratus</strong></span> 
     </span>
     <span class='ocr_line' id='line_1_3' title="bbox 85 776 1379 867; baseline -0.006 -19"><span class='ocrx_word' id='word_1_14' title='bbox 85 785 241 867; x_wconf 86' lang='lat' dir='ltr'><strong>Augusto,</strong></span> <span class='ocrx_word' id='word_1_15' title='bbox 257 788 288 846; x_wconf 84' lang='grc'><strong>8.</strong></span> <span class='ocrx_word' id='word_1_16' title='bbox 723 779 840 862; x_wconf 85' lang='lat' dir='ltr'><strong>absque</strong></span> <span class='ocrx_word' id='word_1_17' title='bbox 868 778 991 842; x_wconf 72' lang='lat' dir='ltr'><strong>senariis</strong></span> <span class='ocrx_word' id='word_1_18' title='bbox 1013 790 1044 843; x_wconf 87' lang='lat' dir='ltr'><strong>et</strong></span> <span class='ocrx_word' id='word_1_19' title='bbox 1067 776 1175 861; x_wconf 90' lang='lat' dir='ltr'><strong>populi</strong></span> <span class='ocrx_word' id='word_1_20' title='bbox 1197 777 1329 842; x_wconf 89' lang='lat' dir='ltr'><strong>consilio</strong></span> <span class='ocrx_word' id='word_1_21' title='bbox 1377 818 1379 823; x_wconf 92' lang='lat'><em>-</em></span> 
     </span>
    </p>
   </div>
   <div class='ocr_carea' id='block_1_3' title="bbox 130 862 1329 1011">
    <p class='ocr_par' dir='ltr' id='par_1_3' title="bbox 130 862 1329 1011">
     <span class='ocr_line' id='line_1_4' title="bbox 130 862 1329 1011; baseline 0.011 -98"><span class='ocrx_word' id='word_1_22' title='bbox 130 894 351 945; x_wconf 57' lang='lat' dir='ltr'><strong>mmo,</strong></span> <span class='ocrx_word' id='word_1_23' title='bbox 382 892 444 956; x_wconf 47' lang='grc' dir='ltr'><strong>Μ,</strong></span> <span class='ocrx_word' id='word_1_24' title='bbox 457 894 493 941; x_wconf 52' lang='lat'><strong>19,</strong></span> <span class='ocrx_word' id='word_1_25' title='bbox 527 892 637 956; x_wconf 53' lang='lat' dir='ltr'><strong>mn</strong></span> <span class='ocrx_word' id='word_1_26' title='bbox 721 862 889 946; x_wconf 86' lang='lat' dir='ltr'><strong>designant</strong></span> <span class='ocrx_word' id='word_1_27' title='bbox 897 863 930 926; x_wconf 92' lang='lat' dir='ltr'><strong>in</strong></span> <span class='ocrx_word' id='word_1_28' title='bbox 939 863 1020 927; x_wconf 87' lang='lat' dir='ltr'><strong>idem</strong></span> <span class='ocrx_word' id='word_1_29' title='bbox 1030 876 1161 947; x_wconf 88' lang='lat' dir='ltr'><strong>tempus,</strong></span> <span class='ocrx_word' id='word_1_30' title='bbox 1171 863 1329 1011; x_wconf 56' lang='lat' dir='ltr'><strong>proscrip-</strong></span> 
     </span>
     <span class='ocr_line' id='line_1_5' title="bbox 1302 968 1329 1011; baseline 0 -15"><span class='ocrx_word' id='word_1_31' title='bbox 1302 968 1329 1011; x_wconf 86' lang='lat' dir='ltr'><strong>t·</strong></span> 
     </span>
    </p>
   </div>
   <div class='ocr_carea' id='block_1_4' title="bbox 57 948 1333 2723">
    <p class='ocr_par' dir='ltr' id='par_1_4' title="bbox 57 948 1333 2723">
     <span class='ocr_line' id='line_1_6' title="bbox 226 948 1279 1023; baseline 0.005 -18"><span class='ocrx_word' id='word_1_32' title='bbox 226 954 551 1023; x_wconf 56' lang='lat' dir='ltr'><strong>chaumesiacum</strong></span> <span class='ocrx_word' id='word_1_33' title='bbox 722 948 837 1011; x_wconf 89' lang='lat' dir='ltr'><strong>tionem</strong></span> <span class='ocrx_word' id='word_1_34' title='bbox 868 948 1062 1013; x_wconf 89' lang='lat' dir='ltr'><strong>inimicorum</strong></span> <span class='ocrx_word' id='word_1_35' title='bbox 1093 968 1217 1011; x_wconf 88' lang='lat' dir='ltr'><strong>suorum</strong></span> <span class='ocrx_word' id='word_1_36' title='bbox 1247 970 1279 1011; x_wconf 93' lang='grc' dir='ltr'><strong>ιιι</strong></span> 
     </span>
     <span class='ocr_line' id='line_1_7' title="bbox 86 1020 1328 1125; baseline -0.01 -17"><span class='ocrx_word' id='word_1_37' title='bbox 86 1020 261 1108; x_wconf 80' lang='lat' dir='ltr'><strong>CAESAR</strong></span> <span class='ocrx_word' id='word_1_38' title='bbox 289 1038 496 1125; x_wconf 87' lang='lat' dir='ltr'><strong>proficiscitur</strong></span> <span class='ocrx_word' id='word_1_39' title='bbox 517 1038 551 1101; x_wconf 91' lang='lat' dir='ltr'><strong>in</strong></span> <span class='ocrx_word' id='word_1_40' title='bbox 572 1037 690 1124; x_wconf 84' lang='lat' dir='ltr'><strong>Hispa·</strong></span> <span class='ocrx_word' id='word_1_41' title='bbox 722 1048 806 1112; x_wconf 89' lang='lat' dir='ltr'><strong>cunt,</strong></span> <span class='ocrx_word' id='word_1_42' title='bbox 822 1034 884 1117; x_wconf 82' lang='lat' dir='ltr'><strong>qui</strong></span> <span class='ocrx_word' id='word_1_43' title='bbox 898 1034 1013 1097; x_wconf 89' lang='lat' dir='ltr'><strong>Cicero</strong></span> <span class='ocrx_word' id='word_1_44' title='bbox 1034 1032 1253 1096; x_wconf 70' lang='lat' dir='ltr'><strong>&#39;lDecemhris</strong></span> <span class='ocrx_word' id='word_1_45' title='bbox 1275 1053 1328 1096; x_wconf 87' lang='lat' dir='ltr'><strong>oe·</strong></span> 
     </span>
     <span class='ocr_line' id='line_1_8' title="bbox 85 1120 1294 1208; baseline -0.011 -18"><span class='ocrx_word' id='word_1_46' title='bbox 85 1128 153 1190; x_wconf 88' lang='lat' dir='ltr'><strong>nias</strong></span> <span class='ocrx_word' id='word_1_47' title='bbox 168 1126 315 1189; x_wconf 74' lang='lat' dir='ltr'><strong>adversius</strong></span> <span class='ocrx_word' id='word_1_48' title='bbox 327 1124 471 1208; x_wconf 83' lang='lat' dir='ltr'><strong>Pompeii</strong></span> <span class='ocrx_word' id='word_1_49' title='bbox 486 1122 599 1208; x_wconf 89' lang='lat' dir='ltr'><strong>Magni</strong></span> <span class='ocrx_word' id='word_1_50' title='bbox 613 1123 691 1187; x_wconf 91' lang='lat' dir='ltr'><strong>libe·</strong></span> <span class='ocrx_word' id='word_1_51' title='bbox 723 1120 872 1183; x_wconf 89' lang='lat' dir='ltr'><strong>cisusest.</strong></span> <span class='ocrx_word' id='word_1_52' title='bbox 1291 1124 1294 1131; x_wconf 91' lang='lat'>&#39;</span> 
     </span>
     <span class='ocr_line' id='line_1_9' title="bbox 86 1201 1329 1306; baseline -0.01 -29"><span class='ocrx_word' id='word_1_53' title='bbox 86 1234 146 1277; x_wconf 87' lang='lat' dir='ltr'><strong>ros.</strong></span> <span class='ocrx_word' id='word_1_54' title='bbox 174 1211 325 1276; x_wconf 88' lang='lat' dir='ltr'><strong>Octavius</strong></span> <span class='ocrx_word' id='word_1_55' title='bbox 336 1208 458 1273; x_wconf 77' lang='lat' dir='ltr'><strong>niodum</strong></span> <span class='ocrx_word' id='word_1_56' title='bbox 493 1232 574 1273; x_wconf 84' lang='lat' dir='ltr'><strong>rmus</strong></span> <span class='ocrx_word' id='word_1_57' title='bbox 586 1209 605 1271; x_wconf 84' lang='grc' dir='ltr'>ὰ</span> <span class='ocrx_word' id='word_1_58' title='bbox 613 1230 692 1306; x_wconf 73' lang='lat' dir='ltr'><strong>gra·</strong></span> <span class='ocrx_word' id='word_1_59' title='bbox 766 1202 850 1268; x_wconf 88' lang='lat' dir='ltr'><strong>Hinc</strong></span> <span class='ocrx_word' id='word_1_60' title='bbox 865 1206 978 1268; x_wconf 88' lang='lat' dir='ltr'><strong>erroris</strong></span> <span class='ocrx_word' id='word_1_61' title='bbox 994 1218 1175 1287; x_wconf 82' lang='lat' dir='ltr'><strong>arguuntur,</strong></span> <span class='ocrx_word' id='word_1_62' title='bbox 1201 1201 1254 1287; x_wconf 88' lang='lat' dir='ltr'><strong>qui</strong></span> <span class='ocrx_word' id='word_1_63' title='bbox 1272 1224 1329 1265; x_wconf 83' lang='lat' dir='ltr'><strong>vo·</strong></span> 
     </span>
     <span class='ocr_line' id='line_1_10' title="bbox 83 1286 1329 1379; baseline -0.008 -18"><span class='ocrx_word' id='word_1_64' title='bbox 83 1298 116 1360; x_wconf 87' lang='lat' dir='ltr'><strong>oi</strong></span> <span class='ocrx_word' id='word_1_65' title='bbox 129 1297 311 1373; x_wconf 79' lang='lat' dir='ltr'><strong>valetudiue,</strong></span> <span class='ocrx_word' id='word_1_66' title='bbox 328 1316 390 1379; x_wconf 87' lang='lat' dir='ltr'><strong>per</strong></span> <span class='ocrx_word' id='word_1_67' title='bbox 411 1292 445 1355; x_wconf 82' lang='lat' dir='ltr'><strong>iu</strong></span> <span class='ocrx_word' id='word_1_68' title='bbox 458 1302 535 1357; x_wconf 83' lang='lat' dir='ltr'><strong>estus</strong></span> <span class='ocrx_word' id='word_1_69' title='bbox 558 1290 692 1356; x_wconf 75' lang='lat' dir='ltr'><strong>hostibus</strong></span> <span class='ocrx_word' id='word_1_70' title='bbox 724 1288 791 1351; x_wconf 90' lang='lat' dir='ltr'><strong>lunt</strong></span> <span class='ocrx_word' id='word_1_71' title='bbox 804 1290 960 1373; x_wconf 86' lang='lat' dir='ltr'><strong>Eclogam</strong></span> <span class='ocrx_word' id='word_1_72' title='bbox 975 1288 1103 1372; x_wconf 78' lang='lat' dir='ltr'><strong>Virgilii</strong></span> <span class='ocrx_word' id='word_1_73' title='bbox 1118 1302 1234 1351; x_wconf 84' lang='lat' dir='ltr'><strong>sextam</strong></span> <span class='ocrx_word' id='word_1_74' title='bbox 1259 1286 1329 1351; x_wconf 85' lang='lat' dir='ltr'><strong>Ro·</strong></span> 
     </span>
     <span class='ocr_line' id='line_1_11' title="bbox 57 1372 1330 1467; baseline -0.009 -21"><span class='ocrx_word' id='word_1_75' title='bbox 57 1381 161 1461; x_wconf 83' lang='lat' dir='ltr'><strong>’oius,</strong></span> <span class='ocrx_word' id='word_1_76' title='bbox 170 1380 364 1467; x_wconf 70' lang='lat' dir='ltr'><strong>paucissimis</strong></span> <span class='ocrx_word' id='word_1_77' title='bbox 382 1378 548 1457; x_wconf 79' lang='lat' dir='ltr'><strong>comitibus,</strong></span> <span class='ocrx_word' id='word_1_78' title='bbox 563 1376 692 1463; x_wconf 79' lang='lat' dir='ltr'><strong>naufra-</strong></span> <span class='ocrx_word' id='word_1_79' title='bbox 724 1394 784 1437; x_wconf 84' lang='lat' dir='ltr'><strong>moe</strong></span> <span class='ocrx_word' id='word_1_80' title='bbox 810 1375 948 1438; x_wconf 86' lang='lat' dir='ltr'><strong>auditam</strong></span> <span class='ocrx_word' id='word_1_81' title='bbox 971 1374 991 1437; x_wconf 80' lang='lat' dir='ltr'><strong>i</strong></span> <span class='ocrx_word' id='word_1_82' title='bbox 1013 1373 1167 1438; x_wconf 82' lang='lat' dir='ltr'><strong>Cicerone</strong></span> <span class='ocrx_word' id='word_1_83' title='bbox 1179 1372 1274 1436; x_wconf 76' lang='lat' dir='ltr'><strong>irrisae</strong></span> <span class='ocrx_word' id='word_1_84' title='bbox 1297 1373 1330 1436; x_wconf 91' lang='lat' dir='ltr'><strong>in</strong></span> 
     </span>
     <span class='ocr_line' id='line_1_12' title="bbox 81 1457 1331 1553; baseline -0.008 -22"><span class='ocrx_word' id='word_1_85' title='bbox 81 1467 139 1553; x_wconf 80' lang='lat' dir='ltr'><strong>gio</strong></span> <span class='ocrx_word' id='word_1_86' title='bbox 155 1468 244 1531; x_wconf 84' lang='lat' dir='ltr'><strong>etiam</strong></span> <span class='ocrx_word' id='word_1_87' title='bbox 253 1463 544 1552; x_wconf 79' lang='lat' dir='ltr'><strong>socto,aounculust</strong></span> <span class='ocrx_word' id='word_1_88' title='bbox 555 1463 692 1527; x_wconf 74' lang='lat' dir='ltr'><strong>cuhsecu·</strong></span> <span class='ocrx_word' id='word_1_89' title='bbox 724 1460 855 1538; x_wconf 89' lang='lat' dir='ltr'><strong>theatro,</strong></span> <span class='ocrx_word' id='word_1_90' title='bbox 885 1459 956 1524; x_wconf 78' lang='lat' dir='ltr'><strong>cium</strong></span> <span class='ocrx_word' id='word_1_91' title='bbox 983 1460 1002 1523; x_wconf 86' lang='grc' dir='ltr'><strong>ιί</strong></span> <span class='ocrx_word' id='word_1_92' title='bbox 1031 1458 1202 1543; x_wconf 82' lang='lat' dir='ltr'><strong>Cytheride</strong></span> <span class='ocrx_word' id='word_1_93' title='bbox 1235 1457 1331 1521; x_wconf 83' lang='lat' dir='ltr'><strong>mimi</strong></span> 
     </span>
     <span class='ocr_line' id='line_1_13' title="bbox 86 1543 1330 1639; baseline -0.008 -23"><span class='ocrx_word' id='word_1_94' title='bbox 86 1562 134 1616; x_wconf 85' lang='lat' dir='ltr'><strong>tur</strong></span> <span class='ocrx_word' id='word_1_95' title='bbox 162 1552 346 1639; x_wconf 82' lang='lat' dir='ltr'><strong>mugnopcri</strong></span> <span class='ocrx_word' id='word_1_96' title='bbox 375 1548 529 1614; x_wconf 81' lang='lat' dir='ltr'><strong>deotcruit.</strong></span> <span class='ocrx_word' id='word_1_97' title='bbox 579 1549 692 1613; x_wconf 89' lang='lat' dir='ltr'><strong>Sueto·</strong></span> <span class='ocrx_word' id='word_1_98' title='bbox 723 1557 916 1625; x_wconf 66' lang='lat' dir='ltr'><strong>centaretum</strong></span> <span class='ocrx_word' id='word_1_99' title='bbox 949 1545 1142 1629; x_wconf 86' lang='lat' dir='ltr'><strong>eundemque</strong></span> <span class='ocrx_word' id='word_1_100' title='bbox 1172 1543 1330 1607; x_wconf 66' lang='lat' dir='ltr'><strong>Rommae</strong></span> 
     </span>
     <span class='ocr_line' id='line_1_14' title="bbox 86 1628 1332 1716; baseline -0.007 -15"><span class='ocrx_word' id='word_1_101' title='bbox 86 1640 156 1701; x_wconf 90' lang='lat' dir='ltr'><strong>nius</strong></span> <span class='ocrx_word' id='word_1_102' title='bbox 171 1639 247 1702; x_wconf 89' lang='lat' dir='ltr'><strong>ibid.</strong></span> <span class='ocrx_word' id='word_1_103' title='bbox 291 1636 402 1699; x_wconf 86' lang='lat' dir='ltr'><strong>Caesar</strong></span> <span class='ocrx_word' id='word_1_104' title='bbox 416 1636 513 1698; x_wconf 85' lang='lat' dir='ltr'><strong>redux</strong></span> <span class='ocrx_word' id='word_1_105' title='bbox 528 1637 585 1699; x_wconf 89' lang='lat' dir='ltr'><strong>suh</strong></span> <span class='ocrx_word' id='word_1_106' title='bbox 609 1635 692 1697; x_wconf 91' lang='lat' dir='ltr'><strong>initi·</strong></span> <span class='ocrx_word' id='word_1_107' title='bbox 723 1628 911 1713; x_wconf 80' lang='lat' dir='ltr'><strong>eloquentiae</strong></span> <span class='ocrx_word' id='word_1_108' title='bbox 933 1631 1032 1716; x_wconf 89' lang='lat' dir='ltr'><strong>princi</strong></span> <span class='ocrx_word' id='word_1_109' title='bbox 1073 1652 1114 1709; x_wconf 90' lang='lat' dir='ltr'><strong>m,</strong></span> <span class='ocrx_word' id='word_1_110' title='bbox 1139 1629 1179 1693; x_wconf 96' lang='lat' dir='ltr'><strong>ad</strong></span> <span class='ocrx_word' id='word_1_111' title='bbox 1194 1650 1281 1692; x_wconf 87' lang='lat' dir='ltr'><strong>suam</strong></span> <span class='ocrx_word' id='word_1_112' title='bbox 1300 1642 1332 1692; x_wconf 87' lang='lat' dir='ltr'><strong>et</strong></span> 
     </span>
     <span class='ocr_line' id='line_1_15' title="bbox 85 1650 1330 1805; baseline -0.009 -18"><span class='ocrx_word' id='word_1_113' title='bbox 85 1746 138 1787; x_wconf 89' lang='lat' dir='ltr'><strong>um</strong></span> <span class='ocrx_word' id='word_1_114' title='bbox 153 1722 301 1788; x_wconf 87' lang='lat' dir='ltr'><strong>Octobris</strong></span> <span class='ocrx_word' id='word_1_115' title='bbox 312 1720 481 1805; x_wconf 83' lang='lat' dir='ltr'><strong>triumphet</strong></span> <span class='ocrx_word' id='word_1_116' title='bbox 499 1721 639 1804; x_wconf 79' lang='lat' dir='ltr'><strong>quintum</strong></span> <span class='ocrx_word' id='word_1_117' title='bbox 654 1719 693 1783; x_wconf 89' lang='lat' dir='ltr'><strong>de</strong></span> <span class='ocrx_word' id='word_1_118' title='bbox 724 1716 797 1778; x_wconf 81' lang='lat' dir='ltr'><strong>novi</strong></span> <span class='ocrx_word' id='word_1_119' title='bbox 831 1719 936 1800; x_wconf 75' lang='lat' dir='ltr'><strong>politae</strong></span> <span class='ocrx_word' id='word_1_120' title='bbox 969 1650 1092 1779; x_wconf 40' lang='lat' dir='ltr'><strong>laodien</strong></span> <span class='ocrx_word' id='word_1_121' title='bbox 1128 1714 1330 1778; x_wconf 82' lang='lat' dir='ltr'><strong>exclamisse:</strong></span> 
     </span>
     <span class='ocr_line' id='line_1_16' title="bbox 87 1799 1330 1895; baseline -0.008 -22"><span class='ocrx_word' id='word_1_122' title='bbox 87 1808 259 1895; x_wconf 87' lang='lat' dir='ltr'><strong>Hispaniis.</strong></span> <span class='ocrx_word' id='word_1_123' title='bbox 723 1799 857 1887; x_wconf 71' lang='lat' dir='ltr'><strong>Magoa</strong></span> <span class='ocrx_word' id='word_1_124' title='bbox 884 1824 951 1887; x_wconf 81' lang='lat' dir='ltr'><strong>spes</strong></span> <span class='ocrx_word' id='word_1_125' title='bbox 978 1800 1075 1865; x_wconf 84' lang='lat' dir='ltr'><strong>alteru</strong></span> <span class='ocrx_word' id='word_1_126' title='bbox 1099 1799 1225 1865; x_wconf 73' lang='lat' dir='ltr'><strong>Roma:</strong></span> <span class='ocrx_word' id='word_1_127' title='bbox 1258 1820 1330 1884; x_wconf 86' lang='lat' dir='ltr'><strong>quae</strong></span> 
     </span>
     <span class='ocr_line' id='line_1_17' title="bbox 224 1880 1332 1982; baseline -0.006 -28"><span class='ocrx_word' id='word_1_128' title='bbox 224 1934 284 1981; x_wconf 59' lang='lat' dir='ltr'><strong>UO</strong></span> <span class='ocrx_word' id='word_1_129' title='bbox 324 1880 332 1895; x_wconf 77' lang='grc'>’</span> <span class='ocrx_word' id='word_1_130' title='bbox 385 1934 408 1982; x_wconf 52' lang='grc' dir='ltr'><em>Δ</em></span> <span class='ocrx_word' id='word_1_131' title='bbox 454 1934 486 1981; x_wconf 65' lang='lat'><strong>,0</strong></span> <span class='ocrx_word' id='word_1_132' title='bbox 528 1934 558 1981; x_wconf 60' lang='grc' dir='ltr'><strong>Γ.</strong></span> <span class='ocrx_word' id='word_1_133' title='bbox 724 1887 923 1950; x_wconf 87' lang='lat' dir='ltr'><strong>verbadeinc</strong></span> <span class='ocrx_word' id='word_1_134' title='bbox 964 1884 1332 1970; x_wconf 80' lang='lat' dir='ltr'><strong>sVirgiliusinAEneida</strong></span> 
     </span>
     <span class='ocr_line' id='line_1_18' title="bbox 132 1908 1331 2050; baseline -0.008 -9"><span class='ocrx_word' id='word_1_135' title='bbox 132 1936 215 1984; x_wconf 61' lang='lat' dir='ltr'><em>m</em></span> <span class='ocrx_word' id='word_1_136' title='bbox 247 1934 524 2044; x_wconf 57' lang='lat' dir='ltr'><strong>&#39;csidiimdiinim</strong></span> <span class='ocrx_word' id='word_1_137' title='bbox 549 1935 640 1997; x_wconf 57' lang='lat' dir='ltr'><strong>ogei.</strong></span> <span class='ocrx_word' id='word_1_138' title='bbox 726 1972 874 2036; x_wconf 85' lang='lat' dir='ltr'><strong>retulerit.</strong></span> <span class='ocrx_word' id='word_1_139' title='bbox 917 1908 1002 2035; x_wconf 74' lang='lat' dir='ltr'><strong>&#39;th</strong></span> <span class='ocrx_word' id='word_1_140' title='bbox 1024 1973 1115 2050; x_wconf 90' lang='lat' dir='ltr'><strong>enim,</strong></span> <span class='ocrx_word' id='word_1_141' title='bbox 1130 1972 1201 2035; x_wconf 86' lang='lat' dir='ltr'><strong>ciun</strong></span> <span class='ocrx_word' id='word_1_142' title='bbox 1216 1970 1331 2035; x_wconf 89' lang='lat' dir='ltr'><strong>Cicero</strong></span> 
     </span>
     <span class='ocr_line' id='line_1_19' title="bbox 258 2058 1331 2142; baseline -0.006 -18"><span class='ocrx_word' id='word_1_143' title='bbox 258 2058 438 2107; x_wconf 54' lang='lat' dir='ltr'><strong>Memnon</strong></span> <span class='ocrx_word' id='word_1_144' title='bbox 477 2090 482 2097; x_wconf 94' lang='lat'><em>·</em></span> <span class='ocrx_word' id='word_1_145' title='bbox 724 2058 845 2121; x_wconf 85' lang='lat' dir='ltr'><strong>occisus</strong></span> <span class='ocrx_word' id='word_1_146' title='bbox 868 2071 923 2136; x_wconf 83' lang='lat' dir='ltr'><strong>est,</strong></span> <span class='ocrx_word' id='word_1_147' title='bbox 947 2058 1088 2142; x_wconf 85' lang='lat' dir='ltr'><strong>Eclogas</strong></span> <span class='ocrx_word' id='word_1_148' title='bbox 1102 2058 1331 2120; x_wconf 89' lang='lat' dir='ltr'><strong>scribere-non·</strong></span> 
     </span>
     <span class='ocr_line' id='line_1_20' title="bbox 89 2124 1331 2228; baseline -0.005 -17"><span class='ocrx_word' id='word_1_149' title='bbox 89 2124 265 2211; x_wconf 76' lang='lat' dir='ltr'><strong>CAESAR</strong></span> <span class='ocrx_word' id='word_1_150' title='bbox 285 2144 512 2228; x_wconf 79' lang='lat' dir='ltr'><strong>expeditionem</strong></span> <span class='ocrx_word' id='word_1_151' title='bbox 536 2145 693 2208; x_wconf 84' lang='lat' dir='ltr'><strong>destinans</strong></span> <span class='ocrx_word' id='word_1_152' title='bbox 725 2144 798 2206; x_wconf 91' lang='lat' dir='ltr'><strong>dum</strong></span> <span class='ocrx_word' id='word_1_153' title='bbox 825 2142 979 2227; x_wconf 70' lang='lat' dir='ltr'><strong>Virgilius</strong></span> <span class='ocrx_word' id='word_1_154' title='bbox 1007 2157 1160 2227; x_wconf 63' lang='lat' dir='ltr'><strong>coeperam</strong></span> <span class='ocrx_word' id='word_1_155' title='bbox 1200 2143 1331 2205; x_wconf 87' lang='lat' dir='ltr'><strong>necdum</strong></span> 
     </span>
     <span class='ocr_line' id='line_1_21' title="bbox 89 2227 1332 2314; baseline -0.005 -19"><span class='ocrx_word' id='word_1_156' title='bbox 89 2233 121 2295; x_wconf 90' lang='lat' dir='ltr'><strong>in</strong></span> <span class='ocrx_word' id='word_1_157' title='bbox 150 2230 296 2307; x_wconf 85' lang='lat' dir='ltr'><strong>Parthos,</strong></span> <span class='ocrx_word' id='word_1_158' title='bbox 329 2229 497 2294; x_wconf 87' lang='lat' dir='ltr'><strong>Octavium</strong></span> <span class='ocrx_word' id='word_1_159' title='bbox 533 2230 695 2314; x_wconf 87' lang='lat' dir='ltr'><strong>praemittit</strong></span> <span class='ocrx_word' id='word_1_160' title='bbox 724 2240 852 2290; x_wconf 85' lang='lat' dir='ltr'><strong>venerut</strong></span> <span class='ocrx_word' id='word_1_161' title='bbox 874 2228 1025 2291; x_wconf 78' lang='lat' dir='ltr'><strong>Romam:</strong></span> <span class='ocrx_word' id='word_1_162' title='bbox 1057 2227 1111 2290; x_wconf 92' lang='lat' dir='ltr'><strong>sed</strong></span> <span class='ocrx_word' id='word_1_163' title='bbox 1138 2229 1250 2306; x_wconf 87' lang='lat' dir='ltr'><strong>adhuc,</strong></span> <span class='ocrx_word' id='word_1_164' title='bbox 1278 2240 1332 2290; x_wconf 87' lang='lat' dir='ltr'><strong>aut</strong></span> 
     </span>
     <span class='ocr_line' id='line_1_22' title="bbox 89 2311 1333 2402; baseline -0.005 -21"><span class='ocrx_word' id='word_1_165' title='bbox 89 2316 301 2402; x_wconf 87' lang='lat' dir='ltr'><strong>Apolloniam.</strong></span> <span class='ocrx_word' id='word_1_166' title='bbox 345 2314 395 2377; x_wconf 92' lang='lat' dir='ltr'><strong>Ibi</strong></span> <span class='ocrx_word' id='word_1_167' title='bbox 410 2314 472 2392; x_wconf 88' lang='lat' dir='ltr'><strong>ille,</strong></span> <span class='ocrx_word' id='word_1_168' title='bbox 488 2315 562 2377; x_wconf 88' lang='lat' dir='ltr'><strong>dum</strong></span> <span class='ocrx_word' id='word_1_169' title='bbox 584 2316 693 2378; x_wconf 89' lang='lat' dir='ltr'><strong>studiis</strong></span> <span class='ocrx_word' id='word_1_170' title='bbox 724 2311 908 2391; x_wconf 81' lang='lat' dir='ltr'><strong>Mediolani,</strong></span> <span class='ocrx_word' id='word_1_171' title='bbox 922 2326 976 2376; x_wconf 82' lang='lat' dir='ltr'><strong>eat</strong></span> <span class='ocrx_word' id='word_1_172' title='bbox 988 2314 1020 2377; x_wconf 93' lang='lat' dir='ltr'><strong>in</strong></span> <span class='ocrx_word' id='word_1_173' title='bbox 1035 2334 1107 2376; x_wconf 89' lang='lat' dir='ltr'><strong>rure</strong></span> <span class='ocrx_word' id='word_1_174' title='bbox 1118 2333 1175 2375; x_wconf 92' lang='lat' dir='ltr'><strong>sao</strong></span> <span class='ocrx_word' id='word_1_175' title='bbox 1187 2311 1333 2376; x_wconf 82' lang='lat' dir='ltr'><strong>versabu-</strong></span> 
     </span>
     <span class='ocr_line' id='line_1_23' title="bbox 89 2399 1267 2481; baseline -0.003 -16"><span class='ocrx_word' id='word_1_176' title='bbox 89 2418 191 2481; x_wconf 86' lang='lat' dir='ltr'><strong>vacut,</strong></span> <span class='ocrx_word' id='word_1_177' title='bbox 221 2402 309 2464; x_wconf 88' lang='lat' dir='ltr'><strong>audit</strong></span> <span class='ocrx_word' id='word_1_178' title='bbox 338 2399 497 2463; x_wconf 77' lang='lat' dir='ltr'><strong>Caesarem</strong></span> <span class='ocrx_word' id='word_1_179' title='bbox 523 2400 555 2462; x_wconf 92' lang='lat' dir='ltr'><strong>in</strong></span> <span class='ocrx_word' id='word_1_180' title='bbox 585 2414 693 2463; x_wconf 86' lang='lat' dir='ltr'><strong>senatu</strong></span> <span class='ocrx_word' id='word_1_181' title='bbox 725 2412 784 2477; x_wconf 89' lang='lat' dir='ltr'><strong>tur,</strong></span> <span class='ocrx_word' id='word_1_182' title='bbox 800 2412 835 2461; x_wconf 89' lang='lat' dir='ltr'><strong>ut</strong></span> <span class='ocrx_word' id='word_1_183' title='bbox 848 2420 919 2461; x_wconf 84' lang='lat' dir='ltr'><strong>mox</strong></span> <span class='ocrx_word' id='word_1_184' title='bbox 935 2399 1047 2462; x_wconf 88' lang='lat' dir='ltr'><strong>deinde</strong></span> <span class='ocrx_word' id='word_1_185' title='bbox 1061 2399 1267 2462; x_wconf 87' lang='lat' dir='ltr'><strong>ostendemus.</strong></span> 
     </span>
     <span class='ocr_line' id='line_1_24' title="bbox 89 2483 1279 2589; baseline -0.007 -37"><span class='ocrx_word' id='word_1_186' title='bbox 89 2489 226 2553; x_wconf 79' lang='lat' dir='ltr'><strong>occisum</strong></span> <span class='ocrx_word' id='word_1_187' title='bbox 240 2507 306 2549; x_wconf 85' lang='lat' dir='ltr'><strong>esse</strong></span> <span class='ocrx_word' id='word_1_188' title='bbox 321 2483 429 2548; x_wconf 86' lang='lat' dir='ltr'><strong>Idibus</strong></span> <span class='ocrx_word' id='word_1_189' title='bbox 445 2483 580 2564; x_wconf 89' lang='lat' dir='ltr'><strong>Martiis,</strong></span> <span class='ocrx_word' id='word_1_190' title='bbox 596 2508 629 2548; x_wconf 90' lang='lat' dir='ltr'><strong>se</strong></span> <span class='ocrx_word' id='word_1_191' title='bbox 652 2488 693 2549; x_wconf 88' lang='lat' dir='ltr'><strong>ah</strong></span> <span class='ocrx_word' id='word_1_192' title='bbox 775 2525 893 2573; x_wconf 38' lang='lat' dir='ltr'><strong>mu·</strong></span> <span class='ocrx_word' id='word_1_193' title='bbox 904 2524 932 2573; x_wconf 67' lang='lat'><strong>(3¹</strong></span> <span class='ocrx_word' id='word_1_194' title='bbox 941 2526 994 2575; x_wconf 74' lang='lat'><strong>712.</strong></span> <span class='ocrx_word' id='word_1_195' title='bbox 1024 2527 1063 2575; x_wconf 55' lang='lat' dir='ltr'><strong>st„</strong></span> <span class='ocrx_word' id='word_1_196' title='bbox 1081 2528 1133 2574; x_wconf 38' lang='grc' dir='ltr'><strong>ω·</strong></span> <span class='ocrx_word' id='word_1_197' title='bbox 1168 2526 1279 2589; x_wconf 53' lang='lat' dir='ltr'><strong>mmm</strong></span> 
     </span>
     <span class='ocr_line' id='line_1_25' title="bbox 88 2569 1216 2656; baseline 0 -19"><span class='ocrx_word' id='word_1_198' title='bbox 88 2595 128 2637; x_wconf 71' lang='lat' dir='ltr'><strong>eo</strong></span> <span class='ocrx_word' id='word_1_199' title='bbox 150 2574 182 2636; x_wconf 79' lang='lat' dir='ltr'><strong>in</strong></span> <span class='ocrx_word' id='word_1_200' title='bbox 205 2592 319 2635; x_wconf 79' lang='lat' dir='ltr'><strong>nomen</strong></span> <span class='ocrx_word' id='word_1_201' title='bbox 340 2584 372 2634; x_wconf 84' lang='lat' dir='ltr'><strong>et</strong></span> <span class='ocrx_word' id='word_1_202' title='bbox 389 2569 537 2633; x_wconf 73' lang='lat' dir='ltr'><strong>familiam</strong></span> <span class='ocrx_word' id='word_1_203' title='bbox 561 2571 693 2656; x_wconf 68' lang='lat' dir='ltr'><strong>adopta·</strong></span> <span class='ocrx_word' id='word_1_204' title='bbox 864 2588 892 2636; x_wconf 87' lang='lat'><strong>1..</strong></span> <span class='ocrx_word' id='word_1_205' title='bbox 903 2588 1037 2637; x_wconf 76' lang='lat' dir='ltr'><strong>Mussrrus</strong></span> <span class='ocrx_word' id='word_1_206' title='bbox 1073 2604 1175 2637; x_wconf 71' lang='lat' dir='ltr'><strong>circus.</strong></span> <span class='ocrx_word' id='word_1_207' title='bbox 1209 2580 1216 2589; x_wconf 75' lang='grc'><em>“</em></span> 
     </span>
     <span class='ocr_line' id='line_1_26' title="bbox 89 2651 1175 2723; baseline -0.006 -1"><span class='ocrx_word' id='word_1_208' title='bbox 89 2676 165 2723; x_wconf 90' lang='lat' dir='ltr'><strong>tum.</strong></span> <span class='ocrx_word' id='word_1_209' title='bbox 208 2656 346 2721; x_wconf 84' lang='lat' dir='ltr'><strong>Romam</strong></span> <span class='ocrx_word' id='word_1_210' title='bbox 372 2656 468 2719; x_wconf 85' lang='lat' dir='ltr'><strong>redit:</strong></span> <span class='ocrx_word' id='word_1_211' title='bbox 500 2656 554 2719; x_wconf 87' lang='lat' dir='ltr'><strong>sed</strong></span> <span class='ocrx_word' id='word_1_212' title='bbox 583 2656 694 2722; x_wconf 82' lang='lat' dir='ltr'><strong>adver·</strong></span> <span class='ocrx_word' id='word_1_213' title='bbox 864 2651 1175 2700; x_wconf 60' lang='lat' dir='ltr'><strong>tenemuthenesis.</strong></span> 
     </span>
    </p>
   </div>
   <div class='ocr_carea' id='block_1_5' title="bbox 31 2724 1336 3519">
    <p class='ocr_par' dir='ltr' id='par_1_5' title="bbox 31 2724 1335 3155">
     <span class='ocr_line' id='line_1_27' title="bbox 89 2724 1332 2845; baseline 0.005 -38"><span class='ocrx_word' id='word_1_214' title='bbox 89 2757 176 2845; x_wconf 76' lang='lat' dir='ltr'><strong>sante</strong></span> <span class='ocrx_word' id='word_1_215' title='bbox 189 2741 237 2806; x_wconf 87' lang='grc' dir='ltr'><strong>Μ.</strong></span> <span class='ocrx_word' id='word_1_216' title='bbox 253 2742 392 2843; x_wconf 76' lang='lat' dir='ltr'><strong>Antonio</strong></span> <span class='ocrx_word' id='word_1_217' title='bbox 414 2741 569 2843; x_wconf 68' lang='lat' dir='ltr'><strong>Consule,</strong></span> <span class='ocrx_word' id='word_1_218' title='bbox 583 2742 694 2825; x_wconf 87' lang='lat' dir='ltr'><strong>adjun·</strong></span> <span class='ocrx_word' id='word_1_219' title='bbox 725 2724 974 2815; x_wconf 81' lang='lat' dir='ltr'><strong>KALENDIS</strong></span> <span class='ocrx_word' id='word_1_220' title='bbox 983 2746 1141 2813; x_wconf 75' lang='lat' dir='ltr'><strong>ianuariis</strong></span> <span class='ocrx_word' id='word_1_221' title='bbox 1149 2749 1332 2829; x_wconf 84' lang='lat' dir='ltr'><strong>Triumvirr,</strong></span> 
     </span>
     <span class='ocr_line' id='line_1_28' title="bbox 90 2828 1334 2913; baseline 0.001 -16"><span class='ocrx_word' id='word_1_222' title='bbox 90 2845 137 2913; x_wconf 78' lang='lat' dir='ltr'><strong>gu</strong></span> <span class='ocrx_word' id='word_1_223' title='bbox 151 2850 184 2892; x_wconf 87' lang='lat' dir='ltr'><strong>se</strong></span> <span class='ocrx_word' id='word_1_224' title='bbox 198 2828 409 2913; x_wconf 69' lang='lat' dir='ltr'><strong>optimatibus,</strong></span> <span class='ocrx_word' id='word_1_225' title='bbox 424 2847 504 2910; x_wconf 82' lang='lat' dir='ltr'><strong>quos</strong></span> <span class='ocrx_word' id='word_1_226' title='bbox 517 2848 546 2891; x_wconf 76' lang='grc' dir='ltr'><strong>ει</strong></span> <span class='ocrx_word' id='word_1_227' title='bbox 561 2828 696 2891; x_wconf 70' lang='lat' dir='ltr'><strong>infensos</strong></span> <span class='ocrx_word' id='word_1_228' title='bbox 727 2838 807 2901; x_wconf 78' lang='lat' dir='ltr'><strong>inser</strong></span> <span class='ocrx_word' id='word_1_229' title='bbox 821 2849 951 2899; x_wconf 75' lang='lat' dir='ltr'><strong>coeteros</strong></span> <span class='ocrx_word' id='word_1_230' title='bbox 964 2831 1051 2898; x_wconf 83' lang='lat' dir='ltr'><strong>Julio</strong></span> <span class='ocrx_word' id='word_1_231' title='bbox 1067 2834 1189 2899; x_wconf 72' lang='lat' dir='ltr'><strong>cesari</strong></span> <span class='ocrx_word' id='word_1_232' title='bbox 1211 2836 1334 2899; x_wconf 78' lang='lat' dir='ltr'><strong>habitos</strong></span> 
     </span>
     <span class='ocr_line' id='line_1_29' title="bbox 90 2914 1335 3005; baseline 0.004 -25"><span class='ocrx_word' id='word_1_233' title='bbox 90 2914 217 2980; x_wconf 79' lang='lat' dir='ltr'><strong>sciebat</strong></span> <span class='ocrx_word' id='word_1_234' title='bbox 728 2921 871 2999; x_wconf 88' lang='lat' dir='ltr'><strong>honores,</strong></span> <span class='ocrx_word' id='word_1_235' title='bbox 887 2920 1033 2984; x_wconf 88' lang='lat' dir='ltr'><strong>sacellum</strong></span> <span class='ocrx_word' id='word_1_236' title='bbox 1055 2920 1113 3005; x_wconf 91' lang='lat' dir='ltr'><strong>ipsi</strong></span> <span class='ocrx_word' id='word_1_237' title='bbox 1138 2920 1283 2985; x_wconf 87' lang='lat' dir='ltr'><strong>dedicant</strong></span> <span class='ocrx_word' id='word_1_238' title='bbox 1302 2922 1335 2985; x_wconf 91' lang='lat' dir='ltr'><strong>in</strong></span> 
     </span>
     <span class='ocr_line' id='line_1_30' title="bbox 31 3004 1334 3155; baseline -0.016 -65"><span class='ocrx_word' id='word_1_239' title='bbox 31 3022 36 3029; x_wconf 84' lang='grc'><strong>’</strong></span> <span class='ocrx_word' id='word_1_240' title='bbox 145 3040 366 3150; x_wconf 50' lang='lat' dir='ltr'><strong>summuccprr.</strong></span> <span class='ocrx_word' id='word_1_241' title='bbox 391 3038 503 3105; x_wconf 65' lang='lat' dir='ltr'><strong>mgm,</strong></span> <span class='ocrx_word' id='word_1_242' title='bbox 532 3038 644 3105; x_wconf 55' lang='lat' dir='ltr'><strong>mm,</strong></span> <span class='ocrx_word' id='word_1_243' title='bbox 729 3009 807 3155; x_wconf 62' lang='lat' dir='ltr'><strong>ippu,</strong></span> <span class='ocrx_word' id='word_1_244' title='bbox 820 3008 885 3090; x_wconf 89' lang='lat' dir='ltr'><strong>ejus</strong></span> <span class='ocrx_word' id='word_1_245' title='bbox 900 3004 1190 3153; x_wconf 56' lang='lat' dir='ltr'><strong>sirpulacrumludps</strong></span> <span class='ocrx_word' id='word_1_246' title='bbox 1203 3006 1334 3107; x_wconf 74' lang='lat' dir='ltr'><strong>Circen·</strong></span> 
     </span>
    </p>

    <p class='ocr_par' dir='ltr' id='par_1_6' title="bbox 90 3102 1336 3519">
     <span class='ocr_line' id='line_1_31' title="bbox 610 3112 1335 3241; baseline -0.001 -1.325"><span class='ocrx_word' id='word_1_247' title='bbox 610 3204 614 3215; x_wconf 89' lang='lat'><strong>.</strong></span> <span class='ocrx_word' id='word_1_248' title='bbox 728 3112 956 3241; x_wconf 73' lang='grc' dir='ltr'><strong>ιιιιῑιῐῐι</strong></span> <span class='ocrx_word' id='word_1_249' title='bbox 964 3112 1163 3241; x_wconf 76' lang='grc' dir='ltr'><strong>ιιιι</strong></span> <span class='ocrx_word' id='word_1_250' title='bbox 1173 3176 1256 3241; x_wconf 72' lang='lat'><strong>1.</strong></span> <span class='ocrx_word' id='word_1_251' title='bbox 1270 3114 1335 3240; x_wconf 83' lang='grc' dir='ltr'><strong>ιι</strong></span> 
     </span>
     <span class='ocr_line' id='line_1_32' title="bbox 90 3234 1334 3347; baseline 0.001 -22"><span class='ocrx_word' id='word_1_252' title='bbox 90 3234 337 3325; x_wconf 82' lang='lat' dir='ltr'>OCTAVIUS</span> <span class='ocrx_word' id='word_1_253' title='bbox 347 3257 479 3320; x_wconf 89' lang='lat' dir='ltr'><strong>mittitur</strong></span> <span class='ocrx_word' id='word_1_254' title='bbox 489 3279 561 3321; x_wconf 88' lang='lat' dir='ltr'><strong>cum</strong></span> <span class='ocrx_word' id='word_1_255' title='bbox 573 3256 697 3321; x_wconf 89' lang='lat' dir='ltr'><strong>Consu·</strong></span> <span class='ocrx_word' id='word_1_256' title='bbox 728 3266 871 3328; x_wconf 87' lang='lat' dir='ltr'><strong>tavianus</strong></span> <span class='ocrx_word' id='word_1_257' title='bbox 894 3284 925 3325; x_wconf 92' lang='lat' dir='ltr'><strong>se</strong></span> <span class='ocrx_word' id='word_1_258' title='bbox 939 3262 1019 3326; x_wconf 84' lang='lat' dir='ltr'><strong>Dici</strong></span> <span class='ocrx_word' id='word_1_259' title='bbox 1035 3261 1140 3347; x_wconf 78' lang='lat' dir='ltr'><strong>fliium</strong></span> <span class='ocrx_word' id='word_1_260' title='bbox 1156 3263 1334 3347; x_wconf 84' lang='lat' dir='ltr'><strong>appellavit.</strong></span> 
     </span>
     <span class='ocr_line' id='line_1_33' title="bbox 91 3340 1336 3434; baseline 0.002 -28"><span class='ocrx_word' id='word_1_261' title='bbox 91 3342 173 3407; x_wconf 79' lang='lat' dir='ltr'><strong>libus</strong></span> <span class='ocrx_word' id='word_1_262' title='bbox 200 3342 347 3406; x_wconf 78' lang='lat' dir='ltr'><strong>adversus</strong></span> <span class='ocrx_word' id='word_1_263' title='bbox 367 3340 415 3405; x_wconf 92' lang='lat' dir='ltr'><strong>M.</strong></span> <span class='ocrx_word' id='word_1_264' title='bbox 436 3343 620 3421; x_wconf 80' lang='lat' dir='ltr'><strong>Antonium,</strong></span> <span class='ocrx_word' id='word_1_265' title='bbox 643 3343 696 3427; x_wconf 89' lang='lat' dir='ltr'><strong>qui</strong></span> <span class='ocrx_word' id='word_1_266' title='bbox 728 3348 825 3412; x_wconf 81' lang='lat' dir='ltr'><strong>Circa</strong></span> <span class='ocrx_word' id='word_1_267' title='bbox 860 3347 1069 3412; x_wconf 79' lang='lat' dir='ltr'><strong>Nouembrem</strong></span> <span class='ocrx_word' id='word_1_268' title='bbox 1103 3362 1260 3434; x_wconf 79' lang='lat' dir='ltr'><strong>pugnatur</strong></span> <span class='ocrx_word' id='word_1_269' title='bbox 1294 3349 1336 3411; x_wconf 85' lang='lat' dir='ltr'><strong>ad</strong></span> 
     </span>
     <span class='ocr_line' id='line_1_34' title="bbox 91 3425 1335 3519; baseline 0.002 -26"><span class='ocrx_word' id='word_1_270' title='bbox 91 3428 257 3493; x_wconf 86' lang='lat' dir='ltr'><strong>Decimum</strong></span> <span class='ocrx_word' id='word_1_271' title='bbox 279 3426 413 3490; x_wconf 87' lang='lat' dir='ltr'><strong>Brutum</strong></span> <span class='ocrx_word' id='word_1_272' title='bbox 436 3425 570 3490; x_wconf 79' lang='lat' dir='ltr'><strong>Mutinae</strong></span> <span class='ocrx_word' id='word_1_273' title='bbox 592 3430 697 3491; x_wconf 85' lang='lat' dir='ltr'><strong>obses-</strong></span> <span class='ocrx_word' id='word_1_274' title='bbox 727 3433 813 3498; x_wconf 87' lang='lat' dir='ltr'><strong>Phili</strong></span> <span class='ocrx_word' id='word_1_275' title='bbox 836 3455 893 3519; x_wconf 90' lang='lat' dir='ltr'><strong>pos</strong></span> <span class='ocrx_word' id='word_1_276' title='bbox 916 3435 949 3497; x_wconf 92' lang='lat' dir='ltr'><strong>in</strong></span> <span class='ocrx_word' id='word_1_277' title='bbox 970 3432 1168 3513; x_wconf 74' lang='lat' dir='ltr'><strong>Macedoniis,</strong></span> <span class='ocrx_word' id='word_1_278' title='bbox 1191 3450 1335 3518; x_wconf 90' lang='lat' dir='ltr'><strong>pereunt·</strong></span> 
     </span>
    </p>
   </div>
   <div class='ocr_carea' id='block_1_6' title="bbox 7 3511 1346 5055">
    <p class='ocr_par' dir='ltr' id='par_1_7' title="bbox 92 3511 1337 4280">
     <span class='ocr_line' id='line_1_35' title="bbox 93 3511 1336 3603; baseline 0 -21"><span class='ocrx_word' id='word_1_279' title='bbox 93 3536 162 3578; x_wconf 84' lang='lat' dir='ltr'><strong>sum</strong></span> <span class='ocrx_word' id='word_1_280' title='bbox 195 3514 329 3577; x_wconf 73' lang='lat' dir='ltr'><strong>tenebat.</strong></span> <span class='ocrx_word' id='word_1_281' title='bbox 381 3511 521 3575; x_wconf 76' lang='lat' dir='ltr'><strong>Solvitur</strong></span> <span class='ocrx_word' id='word_1_282' title='bbox 556 3514 696 3594; x_wconf 66' lang='lat' dir='ltr'><strong>Obsid303</strong></span> <span class='ocrx_word' id='word_1_283' title='bbox 729 3541 788 3603; x_wconf 90' lang='lat' dir='ltr'><strong>que</strong></span> <span class='ocrx_word' id='word_1_284' title='bbox 832 3520 929 3582; x_wconf 82' lang='lat' dir='ltr'><strong>assius</strong></span> <span class='ocrx_word' id='word_1_285' title='bbox 938 3531 969 3582; x_wconf 91' lang='lat' dir='ltr'><strong>et</strong></span> <span class='ocrx_word' id='word_1_286' title='bbox 979 3518 1106 3597; x_wconf 89' lang='lat' dir='ltr'><strong>Brutus,</strong></span> <span class='ocrx_word' id='word_1_287' title='bbox 1120 3520 1240 3582; x_wconf 89' lang='lat' dir='ltr'><strong>duobus</strong></span> <span class='ocrx_word' id='word_1_288' title='bbox 1253 3540 1336 3603; x_wconf 87' lang='lat' dir='ltr'><strong>prae-</strong></span> 
     </span>
     <span class='ocr_line' id='line_1_36' title="bbox 93 3597 1336 3684; baseline 0.003 -20"><span class='ocrx_word' id='word_1_289' title='bbox 93 3598 248 3682; x_wconf 85' lang='lat' dir='ltr'><strong>Consules</strong></span> <span class='ocrx_word' id='word_1_290' title='bbox 259 3612 363 3662; x_wconf 86' lang='lat' dir='ltr'><strong>tamen</strong></span> <span class='ocrx_word' id='word_1_291' title='bbox 373 3597 455 3661; x_wconf 90' lang='lat' dir='ltr'><strong>bello</strong></span> <span class='ocrx_word' id='word_1_292' title='bbox 470 3613 609 3682; x_wconf 83' lang='lat' dir='ltr'><strong>pereunt.</strong></span> <span class='ocrx_word' id='word_1_293' title='bbox 645 3598 698 3663; x_wconf 85' lang='lat' dir='ltr'><strong>Fit</strong></span> <span class='ocrx_word' id='word_1_294' title='bbox 728 3605 788 3684; x_wconf 88' lang='lat' dir='ltr'><strong>liis,</strong></span> <span class='ocrx_word' id='word_1_295' title='bbox 818 3606 931 3668; x_wconf 82' lang='lat' dir='ltr'><strong>mensis</strong></span> <span class='ocrx_word' id='word_1_296' title='bbox 959 3604 1023 3666; x_wconf 74' lang='lat' dir='ltr'><strong>sere</strong></span> <span class='ocrx_word' id='word_1_297' title='bbox 1050 3604 1141 3667; x_wconf 90' lang='lat' dir='ltr'><strong>unius</strong></span> <span class='ocrx_word' id='word_1_298' title='bbox 1170 3605 1336 3668; x_wconf 85' lang='lat' dir='ltr'><strong>intervallo</strong></span> 
     </span>
     <span class='ocr_line' id='line_1_37' title="bbox 92 3684 1337 3770; baseline 0.002 -20"><span class='ocrx_word' id='word_1_299' title='bbox 92 3705 242 3768; x_wconf 85' lang='lat' dir='ltr'><strong>agrorum</strong></span> <span class='ocrx_word' id='word_1_300' title='bbox 264 3685 370 3767; x_wconf 71' lang='lat' dir='ltr'><strong>aliqua</strong></span> <span class='ocrx_word' id='word_1_301' title='bbox 391 3684 471 3747; x_wconf 73' lang='lat' dir='ltr'><strong>inter</strong></span> <span class='ocrx_word' id='word_1_302' title='bbox 491 3684 603 3747; x_wconf 82' lang='lat' dir='ltr'><strong>milites</strong></span> <span class='ocrx_word' id='word_1_303' title='bbox 618 3685 698 3748; x_wconf 73' lang='lat' dir='ltr'><strong>dlvi·</strong></span> <span class='ocrx_word' id='word_1_304' title='bbox 728 3690 853 3770; x_wconf 85' lang='lat' dir='ltr'><strong>dissitis,</strong></span> <span class='ocrx_word' id='word_1_305' title='bbox 880 3711 917 3754; x_wconf 84' lang='lat' dir='ltr'><strong>ex</strong></span> <span class='ocrx_word' id='word_1_306' title='bbox 940 3689 1122 3752; x_wconf 82' lang='lat' dir='ltr'><strong>Plutarcho.</strong></span> <span class='ocrx_word' id='word_1_307' title='bbox 1165 3688 1213 3753; x_wconf 88' lang='lat' dir='ltr'><strong>M.</strong></span> <span class='ocrx_word' id='word_1_308' title='bbox 1235 3691 1337 3753; x_wconf 90' lang='lat' dir='ltr'><strong>Anto·</strong></span> 
     </span>
     <span class='ocr_line' id='line_1_38' title="bbox 93 3768 1337 3855; baseline 0.006 -22"><span class='ocrx_word' id='word_1_309' title='bbox 93 3770 142 3835; x_wconf 83' lang='lat' dir='ltr'><strong>aio</strong></span> <span class='ocrx_word' id='word_1_310' title='bbox 156 3792 212 3855; x_wconf 87' lang='lat' dir='ltr'><strong>per</strong></span> <span class='ocrx_word' id='word_1_311' title='bbox 233 3770 435 3847; x_wconf 84' lang='lat' dir='ltr'><strong>decemviros,</strong></span> <span class='ocrx_word' id='word_1_312' title='bbox 458 3768 491 3832; x_wconf 89' lang='lat' dir='ltr'><strong>in</strong></span> <span class='ocrx_word' id='word_1_313' title='bbox 506 3772 618 3852; x_wconf 87' lang='lat' dir='ltr'><strong>quibus</strong></span> <span class='ocrx_word' id='word_1_314' title='bbox 632 3784 700 3834; x_wconf 84' lang='lat' dir='ltr'><strong>erat</strong></span> <span class='ocrx_word' id='word_1_315' title='bbox 730 3776 800 3841; x_wconf 88' lang='lat' dir='ltr'><strong>nius</strong></span> <span class='ocrx_word' id='word_1_316' title='bbox 815 3777 880 3840; x_wconf 89' lang='lat' dir='ltr'><strong>abit</strong></span> <span class='ocrx_word' id='word_1_317' title='bbox 903 3776 936 3838; x_wconf 93' lang='lat' dir='ltr'><strong>in</strong></span> <span class='ocrx_word' id='word_1_318' title='bbox 949 3773 1073 3838; x_wconf 81' lang='lat' dir='ltr'><strong>Asiam:</strong></span> <span class='ocrx_word' id='word_1_319' title='bbox 1096 3775 1288 3838; x_wconf 87' lang='lat' dir='ltr'><strong>Octavianus</strong></span> <span class='ocrx_word' id='word_1_320' title='bbox 1303 3776 1337 3840; x_wconf 90' lang='lat' dir='ltr'><strong>in</strong></span> 
     </span>
     <span class='ocr_line' id='line_1_39' title="bbox 94 3855 1337 3944; baseline 0.004 -26"><span class='ocrx_word' id='word_1_321' title='bbox 94 3856 219 3935; x_wconf 83' lang='lat' dir='ltr'><strong>Cicero.</strong></span> <span class='ocrx_word' id='word_1_322' title='bbox 278 3855 430 3921; x_wconf 86' lang='lat' dir='ltr'><strong>Octavius</strong></span> <span class='ocrx_word' id='word_1_323' title='bbox 458 3856 593 3919; x_wconf 60' lang='lat' dir='ltr'><strong>umam</strong></span> <span class='ocrx_word' id='word_1_324' title='bbox 604 3878 698 3919; x_wconf 89' lang='lat' dir='ltr'><strong>manu</strong></span> <span class='ocrx_word' id='word_1_325' title='bbox 730 3861 854 3926; x_wconf 82' lang='lat' dir='ltr'><strong>Italiam</strong></span> <span class='ocrx_word' id='word_1_326' title='bbox 876 3862 965 3940; x_wconf 89' lang='lat' dir='ltr'><strong>redit,</strong></span> <span class='ocrx_word' id='word_1_327' title='bbox 984 3874 1022 3923; x_wconf 93' lang='lat' dir='ltr'><strong>-ut</strong></span> <span class='ocrx_word' id='word_1_328' title='bbox 1044 3883 1138 3944; x_wconf 88' lang='lat' dir='ltr'><strong>agros</strong></span> <span class='ocrx_word' id='word_1_329' title='bbox 1160 3862 1222 3924; x_wconf 89' lang='lat' dir='ltr'><strong>suis</strong></span> <span class='ocrx_word' id='word_1_330' title='bbox 1235 3859 1337 3923; x_wconf 93' lang='lat' dir='ltr'><strong>Anto-</strong></span> 
     </span>
     <span class='ocr_line' id='line_1_40' title="bbox 93 3939 1199 4031; baseline -0.002 -20"><span class='ocrx_word' id='word_1_331' title='bbox 93 3940 230 4011; x_wconf 82' lang='lat' dir='ltr'><strong>Romam</strong></span> <span class='ocrx_word' id='word_1_332' title='bbox 251 3941 447 4023; x_wconf 55' lang='lat' dir='ltr'><strong>„ingrestum</strong></span> <span class='ocrx_word' id='word_1_333' title='bbox 490 3939 698 4007; x_wconf 69' lang='lat' dir='ltr'><strong>Consulatum</strong></span> <span class='ocrx_word' id='word_1_334' title='bbox 729 3949 892 4031; x_wconf 86' lang='lat' dir='ltr'><strong>nianisque</strong></span> <span class='ocrx_word' id='word_1_335' title='bbox 907 3947 1059 4010; x_wconf 86' lang='lat' dir='ltr'><strong>veteranis</strong></span> <span class='ocrx_word' id='word_1_336' title='bbox 1071 3947 1199 4011; x_wconf 89' lang='lat' dir='ltr'><strong>dividat.</strong></span> 
     </span>
     <span class='ocr_line' id='line_1_41' title="bbox 94 4016 1282 4125; baseline -0.002 -34"><span class='ocrx_word' id='word_1_337' title='bbox 94 4041 218 4111; x_wconf 82' lang='lat' dir='ltr'><strong>mortuo</strong></span> <span class='ocrx_word' id='word_1_338' title='bbox 231 4016 338 4092; x_wconf 77' lang='lat' dir='ltr'><strong>Pansh</strong></span> <span class='ocrx_word' id='word_1_339' title='bbox 351 4040 424 4090; x_wconf 89' lang='lat' dir='ltr'><strong>tunc</strong></span> <span class='ocrx_word' id='word_1_340' title='bbox 436 4047 580 4106; x_wconf 88' lang='lat' dir='ltr'><strong>vacuum,</strong></span> <span class='ocrx_word' id='word_1_341' title='bbox 596 4029 636 4090; x_wconf 86' lang='lat' dir='ltr'><strong>ah</strong></span> <span class='ocrx_word' id='word_1_342' title='bbox 651 4028 698 4090; x_wconf 91' lang='lat' dir='ltr'><strong>in·</strong></span> <span class='ocrx_word' id='word_1_343' title='bbox 779 4074 891 4124; x_wconf 58' lang='lat' dir='ltr'><strong>mv</strong></span> <span class='ocrx_word' id='word_1_344' title='bbox 909 4074 929 4122; x_wconf 69' lang='lat' dir='ltr'><em>C</em></span> <span class='ocrx_word' id='word_1_345' title='bbox 945 4076 991 4125; x_wconf 81' lang='lat'><strong>713</strong></span> <span class='ocrx_word' id='word_1_346' title='bbox 1028 4075 1067 4123; x_wconf 51' lang='lat' dir='ltr'><strong>A„</strong></span> <span class='ocrx_word' id='word_1_347' title='bbox 1099 4076 1131 4122; x_wconf 61' lang='lat'><strong>93</strong></span> <span class='ocrx_word' id='word_1_348' title='bbox 1172 4074 1201 4122; x_wconf 76' lang='lat' dir='ltr'><em>V</em></span> <span class='ocrx_word' id='word_1_349' title='bbox 1243 4076 1282 4124; x_wconf 54' lang='lat' dir='ltr'><strong>m</strong></span> 
     </span>
     <span class='ocr_line' id='line_1_42' title="bbox 94 4088 1236 4200; baseline -0.002 -24"><span class='ocrx_word' id='word_1_350' title='bbox 94 4116 161 4177; x_wconf 74' lang='lat' dir='ltr'><strong>vito</strong></span> <span class='ocrx_word' id='word_1_351' title='bbox 176 4126 283 4175; x_wconf 84' lang='lat' dir='ltr'><strong>senatu</strong></span> <span class='ocrx_word' id='word_1_352' title='bbox 298 4126 459 4194; x_wconf 87' lang='lat' dir='ltr'><strong>extorquet</strong></span> <span class='ocrx_word' id='word_1_353' title='bbox 475 4118 516 4176; x_wconf 82' lang='lat'><strong>14</strong></span> <span class='ocrx_word' id='word_1_354' title='bbox 529 4112 602 4176; x_wconf 88' lang='lat' dir='ltr'><strong>Kal.</strong></span> <span class='ocrx_word' id='word_1_355' title='bbox 620 4112 699 4200; x_wconf 90' lang='lat' dir='ltr'><strong>Sep·</strong></span> <span class='ocrx_word' id='word_1_356' title='bbox 870 4110 1039 4186; x_wconf 46' lang='lat' dir='ltr'><strong>mmmm„</strong></span> <span class='ocrx_word' id='word_1_357' title='bbox 1067 4090 1092 4138; x_wconf 73' lang='lat'><strong>8·</strong></span> <span class='ocrx_word' id='word_1_358' title='bbox 1131 4110 1137 4122; x_wconf 82' lang='lat'><strong>‘</strong></span> <span class='ocrx_word' id='word_1_359' title='bbox 1192 4088 1236 4137; x_wconf 65' lang='lat' dir='ltr'><strong>eg.</strong></span> 
     </span>
     <span class='ocr_line' id='line_1_43' title="bbox 95 4198 1194 4280; baseline -0.002 -17"><span class='ocrx_word' id='word_1_360' title='bbox 95 4200 190 4263; x_wconf 87' lang='lat' dir='ltr'><strong>temb.</strong></span> <span class='ocrx_word' id='word_1_361' title='bbox 207 4220 259 4260; x_wconf 89' lang='lat' dir='ltr'><strong>seu</strong></span> <span class='ocrx_word' id='word_1_362' title='bbox 278 4204 316 4262; x_wconf 83' lang='lat'><strong>19</strong></span> <span class='ocrx_word' id='word_1_363' title='bbox 332 4199 477 4280; x_wconf 82' lang='lat' dir='ltr'><strong>Augusti,</strong></span> <span class='ocrx_word' id='word_1_364' title='bbox 497 4212 569 4262; x_wconf 89' lang='lat' dir='ltr'><strong>ante</strong></span> <span class='ocrx_word' id='word_1_365' title='bbox 584 4220 698 4262; x_wconf 88' lang='lat' dir='ltr'><strong>annum</strong></span> <span class='ocrx_word' id='word_1_366' title='bbox 871 4198 899 4248; x_wconf 76' lang='lat' dir='ltr'><strong>P·</strong></span> <span class='ocrx_word' id='word_1_367' title='bbox 909 4200 1044 4248; x_wconf 62' lang='lat' dir='ltr'><strong>strumus</strong></span> <span class='ocrx_word' id='word_1_368' title='bbox 1055 4200 1194 4248; x_wconf 68' lang='lat' dir='ltr'><strong>[timeus.</strong></span> 
     </span>
    </p>

    <p class='ocr_par' dir='ltr' id='par_1_8' title="bbox 7 4265 1346 5055">
     <span class='ocr_line' id='line_1_44' title="bbox 95 4265 1338 4371; baseline 0 -24"><span class='ocrx_word' id='word_1_369' title='bbox 95 4284 198 4349; x_wconf 76' lang='lat' dir='ltr'><strong>retatis</strong></span> <span class='ocrx_word' id='word_1_370' title='bbox 210 4284 393 4367; x_wconf 88' lang='lat' dir='ltr'><strong>vigesimum</strong></span> <span class='ocrx_word' id='word_1_371' title='bbox 407 4284 571 4369; x_wconf 81' lang='lat' dir='ltr'><strong>expletum.</strong></span> <span class='ocrx_word' id='word_1_372' title='bbox 616 4285 699 4349; x_wconf 89' lang='lat' dir='ltr'><strong>Inito</strong></span> <span class='ocrx_word' id='word_1_373' title='bbox 730 4265 818 4351; x_wconf 83' lang='lat' dir='ltr'><strong>Fl&#39;r</strong></span> <span class='ocrx_word' id='word_1_374' title='bbox 837 4304 985 4368; x_wconf 81' lang='lat' dir='ltr'><strong>agrorum</strong></span> <span class='ocrx_word' id='word_1_375' title='bbox 1006 4284 1129 4363; x_wconf 87' lang='lat' dir='ltr'><strong>divisio,</strong></span> <span class='ocrx_word' id='word_1_376' title='bbox 1154 4306 1192 4348; x_wconf 88' lang='lat' dir='ltr'><strong>ex</strong></span> <span class='ocrx_word' id='word_1_377' title='bbox 1214 4284 1338 4371; x_wconf 85' lang='lat' dir='ltr'><strong>optimis</strong></span> 
     </span>
     <span class='ocr_line' id='line_1_45' title="bbox 97 4368 1340 4455; baseline -0.001 -21"><span class='ocrx_word' id='word_1_378' title='bbox 97 4368 273 4435; x_wconf 81' lang='lat' dir='ltr'><strong>Consulatu</strong></span> <span class='ocrx_word' id='word_1_379' title='bbox 285 4369 387 4432; x_wconf 84' lang='lat' dir='ltr'><strong>statim</strong></span> <span class='ocrx_word' id='word_1_380' title='bbox 400 4369 432 4432; x_wconf 91' lang='lat' dir='ltr'><strong>in</strong></span> <span class='ocrx_word' id='word_1_381' title='bbox 448 4392 560 4433; x_wconf 89' lang='lat' dir='ltr'><strong>nomen</strong></span> <span class='ocrx_word' id='word_1_382' title='bbox 575 4385 605 4434; x_wconf 89' lang='lat' dir='ltr'><strong>et</strong></span> <span class='ocrx_word' id='word_1_383' title='bbox 619 4372 703 4435; x_wconf 91' lang='lat' dir='ltr'><strong>hona</strong></span> <span class='ocrx_word' id='word_1_384' title='bbox 734 4370 906 4455; x_wconf 89' lang='lat' dir='ltr'><strong>quibusque</strong></span> <span class='ocrx_word' id='word_1_385' title='bbox 913 4370 1041 4431; x_wconf 90' lang='lat' dir='ltr'><strong>urbibus</strong></span> <span class='ocrx_word' id='word_1_386' title='bbox 1047 4370 1160 4451; x_wconf 79' lang='lat' dir='ltr'><strong>Italiae,</strong></span> <span class='ocrx_word' id='word_1_387' title='bbox 1170 4370 1274 4453; x_wconf 87' lang='lat' dir='ltr'><strong>ejectis</strong></span> <span class='ocrx_word' id='word_1_388' title='bbox 1283 4391 1340 4455; x_wconf 87' lang='lat' dir='ltr'><strong>per</strong></span> 
     </span>
     <span class='ocr_line' id='line_1_46' title="bbox 93 4440 1339 4541; baseline -0.002 -22"><span class='ocrx_word' id='word_1_389' title='bbox 93 4440 236 4519; x_wconf 79' lang='lat' dir='ltr'><strong>&#39;&#39;Ctesaris</strong></span> <span class='ocrx_word' id='word_1_390' title='bbox 260 4456 330 4537; x_wconf 87' lang='lat' dir='ltr'><strong>lege</strong></span> <span class='ocrx_word' id='word_1_391' title='bbox 354 4456 484 4533; x_wconf 91' lang='lat' dir='ltr'><strong>transiit,</strong></span> <span class='ocrx_word' id='word_1_392' title='bbox 513 4470 703 4541; x_wconf 89' lang='lat' dir='ltr'><strong>vocatusque</strong></span> <span class='ocrx_word' id='word_1_393' title='bbox 735 4457 798 4519; x_wconf 87' lang='lat' dir='ltr'><strong>vim</strong></span> <span class='ocrx_word' id='word_1_394' title='bbox 824 4456 967 4534; x_wconf 88' lang='lat' dir='ltr'><strong>dominis,</strong></span> <span class='ocrx_word' id='word_1_395' title='bbox 995 4474 1058 4518; x_wconf 92' lang='lat' dir='ltr'><strong>non</strong></span> <span class='ocrx_word' id='word_1_396' title='bbox 1084 4456 1122 4520; x_wconf 88' lang='lat' dir='ltr'><strong>iis</strong></span> <span class='ocrx_word' id='word_1_397' title='bbox 1144 4456 1262 4519; x_wconf 85' lang='lat' dir='ltr'><strong>tantirrn</strong></span> <span class='ocrx_word' id='word_1_398' title='bbox 1285 4456 1339 4539; x_wconf 91' lang='lat' dir='ltr'><strong>qui</strong></span> 
     </span>
     <span class='ocr_line' id='line_1_47' title="bbox 97 4539 1341 4624; baseline -0.002 -19"><span class='ocrx_word' id='word_1_399' title='bbox 97 4555 144 4605; x_wconf 86' lang='lat' dir='ltr'><strong>est</strong></span> <span class='ocrx_word' id='word_1_400' title='bbox 172 4542 318 4624; x_wconf 89' lang='lat' dir='ltr'><strong>deinceps</strong></span> <span class='ocrx_word' id='word_1_401' title='bbox 347 4542 386 4603; x_wconf 85' lang='lat' dir='ltr'><strong>ah</strong></span> <span class='ocrx_word' id='word_1_402' title='bbox 419 4542 572 4621; x_wconf 89' lang='lat' dir='ltr'><strong>omnihus,</strong></span> <span class='ocrx_word' id='word_1_403' title='bbox 599 4542 705 4606; x_wconf 87' lang='lat' dir='ltr'><strong>Dione</strong></span> <span class='ocrx_word' id='word_1_404' title='bbox 736 4556 857 4605; x_wconf 83' lang='lat' dir='ltr'><strong>corrtra.</strong></span> <span class='ocrx_word' id='word_1_405' title='bbox 872 4539 1069 4605; x_wconf 73' lang='lat' dir='ltr'><strong>Triumviros</strong></span> <span class='ocrx_word' id='word_1_406' title='bbox 1098 4554 1251 4619; x_wconf 84' lang='lat' dir='ltr'><strong>steterant,</strong></span> <span class='ocrx_word' id='word_1_407' title='bbox 1285 4541 1341 4603; x_wconf 89' lang='lat' dir='ltr'><strong>sed</strong></span> 
     </span>
     <span class='ocr_line' id='line_1_48' title="bbox 7 4624 1342 4710; baseline -0.001 -20"><span class='ocrx_word' id='word_1_408' title='bbox 7 4642 14 4683; x_wconf 72' lang='grc' dir='ltr'><strong><em>ἑ</em></strong></span> <span class='ocrx_word' id='word_1_409' title='bbox 99 4640 174 4690; x_wconf 85' lang='lat' dir='ltr'><strong>teste</strong></span> <span class='ocrx_word' id='word_1_410' title='bbox 197 4625 219 4689; x_wconf 89' lang='lat' dir='ltr'><strong>l.</strong></span> <span class='ocrx_word' id='word_1_411' title='bbox 233 4630 286 4689; x_wconf 86' lang='grc'><strong>46.</strong></span> <span class='ocrx_word' id='word_1_412' title='bbox 303 4624 343 4689; x_wconf 91' lang='lat' dir='ltr'><strong>C.</strong></span> <span class='ocrx_word' id='word_1_413' title='bbox 358 4626 480 4695; x_wconf 78' lang='lat' dir='ltr'><strong>dumus</strong></span> <span class='ocrx_word' id='word_1_414' title='bbox 499 4626 621 4691; x_wconf 73' lang='lat' dir='ltr'><strong>Casan</strong></span> <span class='ocrx_word' id='word_1_415' title='bbox 636 4628 705 4691; x_wconf 90' lang='lat' dir='ltr'><strong>Oc·</strong></span> <span class='ocrx_word' id='word_1_416' title='bbox 736 4628 828 4690; x_wconf 87' lang='lat' dir='ltr'><strong>etiarn</strong></span> <span class='ocrx_word' id='word_1_417' title='bbox 844 4626 922 4703; x_wconf 89' lang='lat' dir='ltr'><strong>aliis,</strong></span> <span class='ocrx_word' id='word_1_418' title='bbox 938 4640 973 4689; x_wconf 90' lang='lat' dir='ltr'><strong>ut</strong></span> <span class='ocrx_word' id='word_1_419' title='bbox 987 4628 1103 4690; x_wconf 83' lang='lat' dir='ltr'><strong>habent</strong></span> <span class='ocrx_word' id='word_1_420' title='bbox 1123 4627 1286 4710; x_wconf 88' lang='lat' dir='ltr'><strong>Appianus</strong></span> <span class='ocrx_word' id='word_1_421' title='bbox 1310 4639 1342 4689; x_wconf 91' lang='lat' dir='ltr'><strong>et</strong></span> 
     </span>
     <span class='ocr_line' id='line_1_49' title="bbox 99 4710 1342 4798; baseline -0.003 -23"><span class='ocrx_word' id='word_1_422' title='bbox 99 4734 277 4775; x_wconf 74' lang='lat' dir='ltr'><strong>TAleNUS.</strong></span> <span class='ocrx_word' id='word_1_423' title='bbox 320 4710 424 4774; x_wconf 77' lang='lat' dir='ltr'><strong>Pauli)</strong></span> <span class='ocrx_word' id='word_1_424' title='bbox 440 4710 521 4795; x_wconf 84' lang='lat' dir='ltr'><strong>phst,</strong></span> <span class='ocrx_word' id='word_1_425' title='bbox 541 4735 650 4798; x_wconf 90' lang='lat' dir='ltr'><strong>nempe</strong></span> <span class='ocrx_word' id='word_1_426' title='bbox 662 4718 702 4775; x_wconf 76' lang='lat' dir='ltr'><strong>at</strong></span> <span class='ocrx_word' id='word_1_427' title='bbox 736 4712 811 4775; x_wconf 89' lang='lat' dir='ltr'><strong>Dio.</strong></span> <span class='ocrx_word' id='word_1_428' title='bbox 856 4711 971 4775; x_wconf 84' lang='lat' dir='ltr'><strong>Fulvia</strong></span> <span class='ocrx_word' id='word_1_429' title='bbox 984 4712 1030 4775; x_wconf 88' lang='lat' dir='ltr'><strong>M.</strong></span> <span class='ocrx_word' id='word_1_430' title='bbox 1055 4712 1183 4775; x_wconf 83' lang='lat' dir='ltr'><strong>Antonii</strong></span> <span class='ocrx_word' id='word_1_431' title='bbox 1207 4732 1294 4786; x_wconf 82' lang='lat' dir='ltr'><strong>uxor,</strong></span> <span class='ocrx_word' id='word_1_432' title='bbox 1310 4724 1342 4772; x_wconf 90' lang='lat' dir='ltr'><strong>et</strong></span> 
     </span>
     <span class='ocr_line' id='line_1_50' title="bbox 99 4795 1341 4882; baseline -0.002 -22"><span class='ocrx_word' id='word_1_433' title='bbox 99 4797 297 4876; x_wconf 86' lang='lat' dir='ltr'><strong>Novembris,</strong></span> <span class='ocrx_word' id='word_1_434' title='bbox 323 4798 388 4882; x_wconf 87' lang='lat' dir='ltr'><strong>ipse</strong></span> <span class='ocrx_word' id='word_1_435' title='bbox 412 4820 448 4860; x_wconf 86' lang='lat' dir='ltr'><strong>ac</strong></span> <span class='ocrx_word' id='word_1_436' title='bbox 472 4796 519 4861; x_wconf 92' lang='lat' dir='ltr'><strong>M.</strong></span> <span class='ocrx_word' id='word_1_437' title='bbox 550 4801 705 4862; x_wconf 86' lang='lat' dir='ltr'><strong>Antonius</strong></span> <span class='ocrx_word' id='word_1_438' title='bbox 736 4797 855 4862; x_wconf 86' lang='lat' dir='ltr'><strong>Lucius</strong></span> <span class='ocrx_word' id='word_1_439' title='bbox 867 4799 1021 4861; x_wconf 86' lang='lat' dir='ltr'><strong>Antonius</strong></span> <span class='ocrx_word' id='word_1_440' title='bbox 1033 4797 1153 4863; x_wconf 90' lang='lat' dir='ltr'><strong>Consul</strong></span> <span class='ocrx_word' id='word_1_441' title='bbox 1165 4796 1266 4859; x_wconf 88' lang='lat' dir='ltr'><strong>Marci</strong></span> <span class='ocrx_word' id='word_1_442' title='bbox 1279 4795 1341 4857; x_wconf 84' lang='lat' dir='ltr'><strong>sra-</strong></span> 
     </span>
     <span class='ocr_line' id='line_1_51' title="bbox 100 4880 1342 4967; baseline -0.003 -21"><span class='ocrx_word' id='word_1_443' title='bbox 100 4900 131 4946; x_wconf 84' lang='lat' dir='ltr'><strong>et</strong></span> <span class='ocrx_word' id='word_1_444' title='bbox 145 4882 190 4946; x_wconf 93' lang='lat' dir='ltr'><strong>M.</strong></span> <span class='ocrx_word' id='word_1_445' title='bbox 207 4883 353 4947; x_wconf 86' lang='lat' dir='ltr'><strong>AEmilius</strong></span> <span class='ocrx_word' id='word_1_446' title='bbox 366 4882 516 4967; x_wconf 86' lang='lat' dir='ltr'><strong>Lepidus,</strong></span> <span class='ocrx_word' id='word_1_447' title='bbox 529 4886 706 4948; x_wconf 87' lang='lat' dir='ltr'><strong>triumviros</strong></span> <span class='ocrx_word' id='word_1_448' title='bbox 738 4902 793 4962; x_wconf 82' lang='lat' dir='ltr'><strong>ter,</strong></span> <span class='ocrx_word' id='word_1_449' title='bbox 817 4884 886 4947; x_wconf 85' lang='lat' dir='ltr'><strong>chrn</strong></span> <span class='ocrx_word' id='word_1_450' title='bbox 909 4884 1068 4947; x_wconf 87' lang='lat' dir='ltr'><strong>divisionis</strong></span> <span class='ocrx_word' id='word_1_451' title='bbox 1090 4884 1172 4947; x_wconf 91' lang='lat' dir='ltr'><strong>illius</strong></span> <span class='ocrx_word' id='word_1_452' title='bbox 1194 4880 1342 4945; x_wconf 89' lang='lat' dir='ltr'><strong>adminis-</strong></span> 
     </span>
     <span class='ocr_line' id='line_1_52' title="bbox 95 4967 1346 5055; baseline -0.002 -24"><span class='ocrx_word' id='word_1_453' title='bbox 95 4970 327 5055; x_wconf 70' lang='lat' dir='ltr'><strong>ssereipublicoe</strong></span> <span class='ocrx_word' id='word_1_454' title='bbox 337 4971 564 5036; x_wconf 76' lang='lat' dir='ltr'><strong>constituenda</strong></span> <span class='ocrx_word' id='word_1_455' title='bbox 573 4971 606 5034; x_wconf 93' lang='lat' dir='ltr'><strong>in</strong></span> <span class='ocrx_word' id='word_1_456' title='bbox 616 4973 707 5054; x_wconf 88' lang='lat' dir='ltr'><strong>quin·</strong></span> <span class='ocrx_word' id='word_1_457' title='bbox 737 4971 901 5037; x_wconf 85' lang='lat' dir='ltr'><strong>trationetu</strong></span> <span class='ocrx_word' id='word_1_458' title='bbox 915 4983 946 5037; x_wconf 89' lang='lat' dir='ltr'><strong>et</strong></span> <span class='ocrx_word' id='word_1_459' title='bbox 967 4970 1100 5055; x_wconf 76' lang='lat' dir='ltr'><strong>gratiam</strong></span> <span class='ocrx_word' id='word_1_460' title='bbox 1125 4968 1209 5055; x_wconf 89' lang='lat' dir='ltr'><strong>apud</strong></span> <span class='ocrx_word' id='word_1_461' title='bbox 1231 4967 1346 5051; x_wconf 85' lang='lat' dir='ltr'><strong>milites¹</strong></span> 
     </span>
    </p>
   </div>
   <div class='ocr_carea' id='block_1_7' title="bbox 0 0 1446 5286">
    <p class='ocr_par' dir='ltr' id='par_1_9' title="bbox 0 0 1446 5286">
     <span class='ocr_line' id='line_1_53' title="bbox 0 0 1446 5286; baseline 0 0"><span class='ocrx_word' id='word_1_462' title='bbox 0 0 1446 5286; x_wconf 95' lang='lat' dir='ltr'><strong> </strong></span> 
     </span>
    </p>
   </div>
  </div>
 </body>
</html>
