2842 5286
447 426 454 439 Ι

342 870 618 947 P.V1RGIL11
644 872 877 998 MARONJS
902 869 1079 945 AENEIS.

435 1194 945 1206 -n——n-——a—-n—-a

553 1398 892 1483 anaustuunun.

138 1564 303 1635 AENEIS
311 1572 422 1654 po'e'ma
437 1566 598 1642 heroicum,
613 1566 673 1627 sinc
688 1567 811 1649 epicum,
826 1566 863 1630 ab
875 1568 978 1631 AEncci
996 1567 1142 1653 Trojano,
1159 1568 1196 1632 V
1191 1569 1290 1633 cuerit
1304 1578 1335 1633 et

96 1656 237 1721 Anchisa
244 1654 328 1740 filio,
341 1652 463 1716 Priami
480 1673 598 1731 renero,
609 1673 711 1712 ttamen
729 1651 837 1713 lcabet:
858 1654 1015 1738 namquid
1029 1654 1159 1716 actiones
1173 1654 1258 1717 illius
1270 1676 1334 1717 om·

96 1764 148 1805 nes
161 1763 222 1804 com
245 1738 413 1814 relendut5
434 1706 588 1798 sedunam
601 1736 680 1797 inter
694 1758 792 1799 omnes
801 1739 999 1823 praeeipuam,
1014 1738 1125 1801 scil-icet
1152 1762 1278 1824 regnum
1299 1740 1334 1802 in

97 1826 194 1890 Italici
210 1762 386 1908 lirndatum.
423 1821 546 1905 Scripta
566 1832 608 1883 cst
630 1821 649 1881 ci
669 1820 808 1906 Virgilio
825 1822 856 1884 in
873 1824 1019 1907 gratiam,
1036 1835 1096 1885 tum
1118 1824 1268 1887 Romana
1287 1835 1334 1887 to·

97 1909 277 1995 norgualis,
299 1907 498 1991 tunsamilia
515 1904 662 1990 imprimis
677 1904 779 1983 Julia,
792 1928 857 1991 aare
867 1907 1013 1985 originem
1036 1908 1180 1991 repirebat
1194 1930 1280 1971 snam
1292 1906 1337 1970 ad

97 1995 198 2059 Iulum
212 1994 273 2056 sive
286 1993 460 2069 Ascanium,
471 1990 579 2053 AEnece
586 1989 690 2075 filium
705 2015 741 2054 cr
758 1992 873 2055 Cretici
880 1982 1003 2055 Priami
1008 1991 1092 2076 filici.
1124 1992 1335 2078 Irrbancpor·

98 2076 290 2164 ro'samiliam
312 2078 443 2140 adscitus
465 2077 485 2138 ὰ
506 2075 594 2139 Julio
621 2075 902 2140 Curarearnnculo
917 2078 1024 2162 suerat
1043 2078 1239 2154 Octauianus,
1264 2093 1335 2141 tune

98 2187 197 2229 rerum
205 2178 325 2249 potens,
334 2173 423 2248 atque
436 2160 562 2247 Egpyto
574 2160 707 2238 subacti,
722 2162 773 2224 M.
787 2162 922 2224 Antonio
936 2176 962 2224 ct
981 2162 1145 2247 Cleopatra
1158 2162 1333 2247 interfectis,

97 2272 175 2314 unus
185 2248 266 2312 orbis
276 2247 411 2311 Romani
425 2247 572 2309 dominus.
598 2244 699 2308 Ser-ibi
711 2258 804 2331 capta
817 2258 868 2325 est,
881 2247 973 2310 Anno
993 2247 1031 2310 U.
1054 2247 1090 2310 C.
1105 2253 1177 2310 724.
1194 2259 1335 2310 creante:

103 2334 236 2420 Virgilii
251 2339 303 2398 40.
332 2332 496 2396 Octauiani
510 2336 561 2393 33.
585 2331 648 2393 cim
669 2331 854 2394 Octauianus
868 2333 901 2395 in
915 2333 993 2395 Asici
1016 2355 1075 2394 non
1099 2332 1189 2417 longi
1204 2331 1242 2395 ab
1265 2332 1335 2396 Eu·

96 2420 204 2506 pbrate
225 2419 394 2504 hyemaret:
416 2427 504 2501 atque
526 2417 569 2478 ita
597 2416 754 2499 Virgilius
774 2427 842 2501 post
865 2418 1030 2481 adhibitam
1054 2416 1213 2502 Georgicis
1239 2428 1335 2479 estre·

96 2527 175 2569 mom
189 2527 319 2582 manum,
332 2501 472 2566 continui
487 2500 617 2564 animum
629 2488 759 2564 AEneidi
770 2502 888 2565 uidetur
900 2526 944 2588 ap·
962 2502 1101 2578 licuisse,·
1122 2503 1155 2567 in
1170 2503 1264 2586 eoique
1280 2526 1336 2565 an-

97 2613 162 2668 nos,
176 2600 209 2653 at
222 2588 311 2652 babet
334 2587 468 2664 Seruius,
490 2585 626 2649 undecim
639 2587 807 2664 collocasse,
831 2601 903 2672 quot
915 2527 960 2651 ai
968 2610 1001 2650 eo
1018 2598 1073 2649 tem
1097 2610 1147 2650 ore
1159 2587 1201 2649 ad
1212 2596 1335 2650 mortem

102 2673 220 2759 Vigilii
234 2673 355 2736 omnino
367 2680 571 2735 momorantur.
597 2671 723 2734 Secutus
738 2683 781 2733 est
798 2672 956 2769 Virgilius,
971 2683 1004 2734 ut
1013 2672 1045 2735 in
1059 2610 1217 2735 ducolicis
1234 2671 1336 2734 Tbeo-

98 2759 214 2836 anitum,
230 2759 261 2821 in
280 2756 438 2853 Georgicis
448 2755 637 2833 Hesiodum5
659 2757 704 2818 ita
718 2757 751 2819 in
768 2756 900 2820 AEneule
923 2757 1109 2821 Homerum:
1131 2757 1215 2841 cujus
1235 2754 1337 2840 Odys·

96 2865 176 2907 seam
197 2864 249 2905 sen
266 2840 424 2927 prioribus
443 2840 539 2919 libris,
556 2839 684 2906 Iliadem
698 2864 749 2904 sea
765 2843 996 2927 posterioribus,
1012 2842 1166 2927 expressit,
1182 2864 1222 2905 on
1247 2842 1336 2904 etiam

97 2927 275 3014 superauit?
297 2928 331 2989 id
342 2928 410 2990 uero*
426 2926 590 3012 ambigitur
601 2927 680 2991 inter
695 2929 805 2991 doctos.

461 3213 724 3223 ——-—.--.....
744 3219 768 3223 ..
809 3219 837 3223 ....
849 3218 917 3224 ...,-.
932 3218 976 3224 ...-

360 3382 422 3446 DE
446 3379 635 3445 NATURA
657 3379 889 3443 POEMATIS
914 3380 1047 3446 EPlCl.

143 3529 302 3596 POEMA
317 3552 335 3591 e·
354 3530 441 3608 icum,
456 3531 519 3592 sive
534 3526 678 3612 epopaia,
695 3529 737 3591 sic
752 3528 866 3590 dictum
886 3543 930 3591 est
945 3531 984 3591 ab
997 3538 1046 3590 tes
1058 3530 1187 3609 uerbum,
1201 3533 1275 3615 quia
1287 3548 1337 3596 to·

102 3634 165 3683 tum
188 3620 291 3701 poitur
315 3552 451 3677 dictione
470 3637 520 3677 seu
547 3613 723 3675 narratione
749 3614 930 3675 continetur.
969 3608 1126 3677 Deffltitur
1141 3638 1177 3679 ex
1192 3617 1338 3682 doctrInri

101 3701 291 3767 Aristotelis:
306 3698 440 3762 Imitatio
451 3699 578 3762 aetionis
588 3696 676 3759 anius
689 3696 827 3775 illustris,
836 3699 996 3782 completa,
1008 3711 1092 3762 certa
1103 3702 1336 3786 magnitudinis,

122 3812 167 3852 ure
182 3785 358 3849 narratione
371 3796 398 3847 et
410 3807 494 3848 uersu
505 3785 673 3846 hexametro
691 3782 770 3844 uiros
786 3783 941 3867 principes
955 3806 1019 3845 cnm
1031 3784 1231 3848 admiratione
1244 3796 1272 3849 et
1284 3787 1338 3849 de·

101 3811 259 3938 iuratione
272 3869 487 3954 adprimarias
497 3868 619 3933 virtutes
635 3866 752 3929 caritot.

144 3957 290 4038 Quinque
310 3955 533 4040 complectitur,
550 3952 704 4028 actionem,
721 3951 877 4035 sabulum,
897 3975 1001 4033 mores,
1027 3954 1211 4031 sententiam,
1228 3954 1339 4017 dictio-

103 4063 177 4104 nem.
202 4042 304 4119 Actio,
326 4055 372 4104 est
386 4041 538 4124 po'e'matis
553 4037 703 4099 materia:
727 4038 831 4099 sabinia
846 4051 891 4100 est
915 4039 1044 4100 actionis
1059 4040 1159 4101 foruna
1177 4054 1206 4101 et
1221 4053 1339 4103 tracta·

104 4126 169 4188 tio:
192 4147 301 4203 mores,
318 4127 476 4202 sententia,
490 4124 595 4200 dictio,
611 4136 681 4184 sunt
696 4123 867 4184 necessaria
882 4123 996 4187 sabdae
1011 4140 1200 4187 astrumenta.
1232 4124 1341 4189 Poita

67 4230 77 4241 ·
104 4209 196 4273 sumit
219 4211 370 4273 actionem
394 4212 433 4272 ab
459 4212 562 4287 heroii,
587 4206 722 4269 sabulum
747 4210 786 4269 ab
811 4222 875 4270 arte
891 4207 954 4284 suis,
980 4230 1079 4270 moros
1095 4210 1113 4271 i
1127 4208 1357 4294 philosophiis,-

105 4294 282 4357 sentcntiam
299 4296 318 4356 it
333 4296 495 4373 rhetoricis,
511 4294 675 4357 dictionem
693 4291 938 4373 igrnnnnnticit.

147 4376 289 4442 ACTIO
301 4381 391 4442 debet
405 4401 470 4442 esse
482 4402 554 4457 una,
568 4375 706 4453 illustris,
722 4378 877 4461 completa,
888 4387 974 4439 certa
989 4378 1218 4462 magnitudinis.

152 4462 233 4541 Una,
249 4463 281 4525 id
303 4479 357 4541 cst,
371 4466 410 4526 ab
427 4487 488 4527 uno
504 4466 596 4529 heroi
610 4462 780 4545 praecipuo,
794 4476 824 4524 et
835 4484 897 4524 uno
913 4461 1059 4523 continuo
1075 4465 1176 4547 spatio
1191 4466 1341 4549 temporis

107 4551 223 4631 absque
243 4547 463 4612 intermissione
475 4551 626 4633 persecta3
642 4546 771 4629 talisque
787 4547 945 4630 praetereiu
956 4558 989 4608 ut
1004 4547 1081 4610 alias
1096 4550 1127 4612 in
1143 4549 1279 4612 actiones
1290 4551 1342 4613 in·

66 4644 69 4651 '
107 4648 212 4717 tegnas
226 4632 297 4695 item
312 4634 538 4716 completusque
550 4632 645 4696 dividi
661 4653 721 4694 non
734 4634 840 4716 possit.
900 4673 902 4676 -

35 4764 40 4769 -
148 4716 296 4797 Illustrir,
307 4738 382 4801 ergo
397 4734 427 4780 et
439 4719 576 4781 virorum
591 4717 774 4801 principum,
785 4731 815 4779 ct
827 4717 858 4778 in
869 4717 958 4800 gravi
968 4717 1189 4801 splendidisque
1199 4720 1341 4784 misterii.

252 4800 323 4881 leta,
339 4802 388 4865 cui
404 4802 479 4864 nihil
503 4803 581 4867 desit
603 4822 709 4865 eorum
732 4804 877 4880 omnium,
894 4824 964 4885 quae
980 4804 1084 4866 adesse
1098 4805 1221 4882 debent,
1237 4817 1272 4868 ut
1285 4808 1342 4869 ab·

84 4830 89 4853 ν
154 4802 252 4891 Gonp

84 4842 252 4955 iffinet
263 4888 304 4953 ud
318 4888 409 4953 finem
433 4888 578 4973 perducta
594 4885 656 4948 dici
672 4901 773 4969 queat
